2975 4884
479 274 484 293 ι
560 246 832 308 onumen.
1070 250 1072 259 '
1154 235 1230 313 usu

164 421 322 506 quatuor
359 419 570 482 statuerunt
609 407 832 502 Pythagorei
867 406 1009 483 Vitruv.
1045 411 1090 482 lt
1124 411 1159 484 2.
1196 410 1228 483 Ι.

162 527 298 601 deinde
336 530 605 627 principiorum
636 531 718 602 sive
751 530 881 628 ἀρχῶν
912 526 1057 626 (aelidi,
1091 529 1228 623 frigidi,

159 647 319 737 humidi*
349 648 460 746 aridi)
492 651 601 721 tertio
635 649 851 736 humorum,
872 656 1031 744 ‘quorum
1056 649 1229 725 similitu·

160 766 308 841 dinibus
330 768 567 865 ,exquirendis
593 769 750 842 multum
778 789 913 866 operae
939 780 977 841 et
1002 768 1140 843 laboris
1159 770 1229 843 im·

157 887 335 983 pendunt.
385 886 586 986 Apponam
618 910 756 986 panea,
790 910 885 984 quae
909 889 1121 985 speriminis
1145 889 1232 965 loeo
1314 952 1316 955 .

158 1030 239 1081 esse
275 1005 428 1104 possint.
468 1008 675 1083 *Nemesius
701 1006 748 1080 de
773 1006 857 1082 Nat.
883 1008 997 1081 Hom.
1022 1033 1051 1082 e.
1077 1007 1139 1081 IV.
1165 1007 1227 1083 53.

157 1153 195 1226 p.
225 1128 307 1203 145.
334 1129 394 1206 ed.
418 1128 549 1201 Matth.
575 1137 653 1206 πᾶν
678 1138 788 1228 σῶμα
813 1138 891 1207 τῶν
913 1127 1107 1278 troodptot't
1126 1147 1227 1208 στοι-

153 1251 269 1348 χείαα
308 1251 386 1328 ἐστὶ
417 1246 624 1352 σύγκριμα,
656 1257 841 1349 προςεχῶς
873 1247 916 1326 δὲ
948 1258 1028 1326 τῶν
1060 1248 1227 1349 ἐναίμων.

158 1370 308 1463 ζώων
292 1401 332 1447 εκ
355 1380 434 1449 τῶν
457 1367 651 1470 τεσσαρων
670 1378 827 1469 χυμῶν,
854 1373 1033 1470 stipatos,
1040 1371 1225 1473 ,φλέγμα-

155 1510 242 1580 τας,
272 1496 415 1588 ξααθης
445 1521 486 1566 τε
514 1499 626 1587 χολης
659 1491 723 1566 καὶ
746 1490 921 1589 μελαίνης
946 1533 998 1547 -
1022 1488 1228 1583 Εἰκάζουσι

155 1611 199 1689 δε
222 1620 267 1709 τῇ
284 1642 355 1711 μεν
374 1621 422 1715 γῇ
447 1611 516 1708 τὴν
541 1613 720 1709 μέλαιναν
740 1612 868 1708 χολὴν,
892 1620 948 1711 τῷ
974 1608 1016 1688 δε
1042 1612 1154 1688 ὕδατι
1177 1611 1223 1687 τὸ

156 1733 321 1835 φλέγμα,
346 1741 401 1829 τῷ
426 1730 468 1807 δε
493 1730 585 1830 πυρὶ
609 1731 679 1826 τὴν
703 1731 851 1826 ξανθὴν
873 1729 999 1828 χολήν.
1058 1730 1223 1805 Isidorus

155 1851 277 1947 Origg.
303 1851 345 1923 L.
364 1847 426 1923 IV.
446 1873 484 1946 p.
508 1849 564 1921 19.
591 1849 723 1921 Siout
749 1859 956 1944 quatuor
982 1849 1222 1938 elementa,

153 1975 220 2044 sie
253 1982 298 2044 et
331 1979 534 2068 quatuor
566 1971 802 2056 humores,
824 1980 874 2042 et
900 1956 1225 2064 unusquisque

151 2094 317 2166 humor
358 2074 495 2163 suum·
531 2090 810 2162 elementum
836 2090 1222 2177 ·imitatur,.san-

151 2213 260 2307 guis
293 2232 462 2298 aerem,
495 2210 686 2283 cholera
711 2211 884 2304 ignem,
909 2207 1230 2283 melancholia

150 2345 342 2418 terram,
382 2330 595 2427 phlegma
627 2352 801 2427 aquam.
867 2327 1010 2417 Quibus
1050 2327 1221 2403 omnihus
1359 2348 1365 2359 ·

150 2447 423 2550 praetermissis
450 2449 685 2548 Sprengelius
709 2452 750 2522 in
775 2449 873 2522 Hist.
899 2446 1031 2521 Medio.
1060 2447 1101 2522 Τ.
1127 2449 1219 2546 Lp.

150 2571 247 2646 253.
263 2570 320 2643 ed.
346 2571 454 2667 prim.
481 2569 707 2657 medicorum
733 2554 973 2644 Chinensium
999 2571 1221 2664 sententiam

152 2690 257 2763 affert
281 2693 403 2786 ignem
430 2689 531 2762 eordi
557 2701 595 2788 et
614 2690 751 2763 aestati
768 2688 993 2788 respondere
1008 2689 1217 2763 existiman-

152 2813 266 2899 tium,
304 2811 466 2885 vesicam
506 2809 604 2882 feliis
642 2812 720 2881 aeri
761 2821 799 2883 et
834 2811 914 2882 veri
946 2820 1014 2882 ote.
1049 2829 1144 2903 quae
1176 2818 1219 2881 ut

99 2920 102 2925 ’
150 2931 376 3005 Graecorum
408 2928 563 3003 somniis
593 2926 799 3024 persimilia
829 2929 884 3001 ita
915 2922 1131 3024 Sprengelio
1171 2950 1218 3003 ex

149 3052 286 3147 graeeis
317 3048 482 3122 fontibus
515 3049 646 3120 hausta
676 3045 861 3121 videntur.
925 3045 1000 3119 Sed
1030 3047 1217 3123 infinitum

149 3173 237 3259 erit,
263 3172 296 3243 si
322 3169 467 3257 omnia,
493 3189 587 3267 quae
613 3167 761 3260 Physiei
787 3168 982 3243 oscitantes
1002 3166 1216 3243 haliuoinati

147 3304 251 3378 suut,
275 3292 315 3362 in
340 3291 503 3362 rationes
529 3288 664 3360 referre
691 3287 821 3378 velim3
855 3308 966 3383 quare
991 3287 1137 3361 omissis
1164 3289 1216 3362 le·

148 3411 314 3486 vioribus
338 3408 511 3497 reddam,
545 3390 645 3504 quoti
659 3409 778 3503 hujus
804 3409 984 3481 sermonis
1010 3420 1213 3503 esttamen]
1276 3442 1282 3451 „

145 3544 205 3605 ost
229 3529 276 3604 de
299 3530 383 3624 lyra
408 3528 606 3602 mundana.

566 3726 569 3731 ’
648 3773 657 3791 .
707 3721 743 3791 7.

244 3858 345 3932 Nota
385 3866 441 3929 est
478 3716 651 3929 emmoni
690 3855 824 3928 Dionis
855 3852 974 3930 Cassii
1007 3853 1210 3952 disputatio
1310 3875 1315 3883 ·

143 3973 335 4050 XXXVII.
365 3977 421 4050 19.
447 3974 495 4050 de
520 3974 664 4050 dierum
689 3974 913 4067 nominibus,
938 3997 1031 4075 quae
1057 3986 1144 4050 tune
1169 3977 1209 4046 in
