2975 4884
180 212 185 219 ¹
256 249 332 322 870
586 257 729 312 nrnnn
756 257 1017 312 sneunnns.
1062 306 1065 313 .

257 417 357 510 Quid
396 419 496 491 enim
537 414 741 513 discrepat,
782 417 882 514 quod
921 414 1131 490 Heraclitus
1164 411 1260 486 dixit
1293 428 1332 487 et

257 541 347 614 scite
372 537 541 636 quidem,
567 548 609 610 nt
633 537 830 612 Eustatlrio
856 535 1006 613 videtur
1031 533 1081 609 ad
1104 534 1147 607 ll.
1165 534 1193 605 l.
1216 557 1253 631 p.
1268 533 1330 608 41.

257 668 325 736 τοῦ
356 663 444 759 βιοῦ
476 658 520 734 τὸ
555 656 626 757 μὲν
651 659 774 757 ὄνομα
798 657 902 757 βίος,
928 658 971 733 τὸ
998 655 1040 735 dd
1067 658 1179 760 ἔργον
1203 653 1330 732 θάνα-

257 809 320 863 τος
336 779 394 876 [1],
419 781 459 850 in
484 799 556 874 qno
583 778 672 850 lusit
698 780 812 883 etiam
839 776 906 849 sed
931 778 1005 850 alio
1032 775 1144 849 modo
1165 774 1331 848 Lucilius

259 897 363 971 Varr.
389 897 431 970 L.
456 896 498 969 L.
524 921 561 994 p.
590 896 649 972 19.
676 896 759 969 Vis
786 906 858 969 est
882 897 1003 985 vita,
1037 878 1190 982 vides,
1217 916 1333 993 quae
1361 869 1366 893 ⁸

259 1041 342 1093 nos
367 1017 523 1091 facere
550 1018 705 1090 omnia
731 1018 877 1111 cogit3
911 1038 1069 1113 quornm
1094 1016 1188 1088 alter
1211 1018 1332 1088 notio-

259 1116 325 1211 nes
349 1140 391 1210 in
417 1137 547 1211 eadem
573 1139 696 1235 specie
721 1137 895 1225 inclusas,
921 1136 1015 1209 alter
1039 1137 1080 1208 in
1105 1137 1220 1209 simili
1238 1156 1333 1209 sono

260 1256 445 1356 quandam
472 1259 584 1330 etiam
607 1258 830 1353 significatus
851 1258 1146 1331 convenientiam
1167 1255 1333 1329 animad-

259 1388 404 1454 vertere
436 1378 514 1451 sibi·
541 1379 646 1452 visus
673 1390 740 1451 est
792 1375 914 1465 Quam
941 1374 1079 1448 similes
1114 1377 1171 1449 his
1195 1378 1334 1475 reperi·
1409 1396 1412 1403 ·

259 1508 371 1571 untur
402 1498 604 1595 Epicorum
637 1508 675 1569 et
706 1495 946 1593 Tragicorum
973 1508 1140 1570 veterum
1166 1496 1270 1568 lusus
1294 1498 1335 1568 in

174 1658 178 1667 ›
260 1616 509 1704 conferendis,
535 1616 568 1688 si
593 1637 668 1713 qua
692 1616 791 1690 forte
817 1630 1073 1715 congruerent,
1098 1616 1253 1689 heroum
1277 1639 1334 1690 cc·

260 1735 363 1810 sibus
396 1749 434 1810 et
465 1730 757 1836 nominihuslffl
790 1734 913 1827 Quam
938 1737 1107 1811 sollerter
1132 1738 1247 1809 etiam
1272 1737 1335 1810 he-

262 1855 466 1940 braicarum
508 1857 699 1931 literarum
734 1869 904 1932 auctores
936 1858 1185 1954 antiquissimi
1216 1857 1335 1930 homi-

260 1999 349 2050 num
384 1979 567 2053 vocabula
599 2001 645 2051 ex
671 1977 848 2075 cujusque
873 1976 1001 2061 indole
1027 1989 1066 2050 et
1089 1976 1196 2050 factis
1220 1979 1335 2050 inter·

260 2101 401 2197 pretari
432 2097 578 2173 solenti
612 2096 718 2197 Haec
752 2100 815 2194 qui
848 2090 1056 2171 consideret
1081 2109 1119 2170 et
1143 2110 1336 2196 praeterea

257 2219 432 2314 respiciat
467 2240 563 2315 quae
593 2218 634 2289 in
669 2217 809 2290 Geileri
832 2216 1163 2313 Kaysersbergiani
1187 2231 1226 2291 et
1249 2219 1336 2293 huic

259 2337 468 2433 aequalium
484 2335 647 2409 Postillis
668 2336 839 2429 leguntur
861 2336 1029 2433 ejusdem
1050 2338 1214 2412 fabrime
1232 2342 1336 2441 παρὰ

258 2454 416 2559 γράμμα
452 2457 643 2543 acumina,
685 2456 891 2550 majoribus
924 2458 1062 2530 nostris
1095 2459 1336 2535 vehementer

260 2575 497 2671 complacita,
529 2586 568 2647 et
599 2586 641 2647 ut
672 2575 736 2650 vel
767 2575 880 2648 hodie
904 2579 945 2649 in
970 2579 1073 2653 vitae
1098 2577 1336 2676 quotidianae

260 2684 525 2768 consuetudine
556 2696 590 2767 si
623 2695 706 2792 quis
731 2717 869 2768 nomen
894 2710 932 2770 et
959 2721 1069 2771 omen
1093 2699 1249 2789 haheat,
1274 2699 1337 2773 vel

261 2817 294 2888 si
318 2817 401 2912 quis
427 2826 555 2888 contra
579 2824 748 2887 moratus
773 2818 824 2889 sit
849 2839 961 2913 quam
987 2830 1159 2909 vocetur,
1179 2819 1335 2914 digitum

259 2934 450 3008 intendere
477 2946 651 3036 tanquam
677 2934 728 3008 ad
752 2959 832 3009 rem
857 2937 1062 3012 notabilem
1083 2941 1125 3010 in
1149 2961 1255 3011 more
1270 2940 1335 3009 ha·

261 3054 434 3143 beamus,
466 3056 501 3128 is
534 3077 625 3129 vero
658 3055 842 3151 intelligat
872 3080 1023 3131 necesse
1055 3069 1130 3147 est,
1156 3056 1227 3129 hoc
1252 3058 1334 3127 uni-

211 3200 214 3207 ·
260 3195 408 3246 versum
429 3196 544 3269 genus
569 3175 617 3248 ab
643 3177 873 3275 antiquitatis
898 3180 1046 3273 ingenio
1065 3197 1141 3248 non
1161 3176 1335 3262 alienum,

262 3282 296 3364 ei
330 3313 441 3381 vero,
473 3296 537 3391 qui
569 3297 750 3391 imagines
783 3320 909 3370 rerum
932 3301 971 3370 in
998 3296 1189 3372 vocabulis
1214 3296 1268 3366 sic
1291 3304 1335 3366 ut

260 3413 300 3482 in
348 3433 431 3484 cera
478 3436 672 3510 expressas
719 3428 889 3511 putaret,
946 3417 1335 3491 convenientissimum
1377 3492 1379 3499 A

331 3714 376 3797 [⁰]
401 3715 474 3768 Idem
498 3716 579 3799 qffcrt
596 3715 688 3768 Treta
706 3717 793 3786 Exeg.
816 3736 843 3839 q
863 3718 921 3773 tol.
957 3719 1068 3772 Aliunde
1093 3726 1121 3774 et
1144 3722 1232 3791 paullo
1257 3719 1333 3772 aliter

261 3782 483 3838 Schlerermacher
504 3803 533 3837 ιιι
551 3785 621 3838 llius.
640 3786 719 3839 Wolf.
737 3805 763 3856 p.
782 3785 817 3838 5⁰
836 3825 844 3840 .

332 3883 375 3957 [f]
399 3906 424 3942 v.
442 3890 551 3944 Aristot,
568 3890 648 3944 eret.
665 3891 701 3944 IL
719 3889 762 3943 28.
780 3891 841 3945 288.
862 3893 897 3945 Τ.
915 3893 961 3945 lv.
984 3894 1019 3947 cl.
1044 3895 1165 3949 Rcuvcns
1190 3893 1332 3946 Collectm

262 3955 354 4010 Litter.
379 3975 404 4028 p.
436 3959 496 4026 101.
531 3961 653 4015 Meineke
676 3961 711 4016 ad
728 3961 846 4032 Euphor.
869 3981 893 4032 p.
914 3962 973 4015 128.
995 3982 1032 4033 sq.
1069 3966 1148 4019 Stura
1173 3965 1206 4016 de
1230 3961 1334 4016 Nomio.

262 4027 357 4080 Graec.
375 4045 401 4097 p.
419 4027 461 4081 78.
490 4030 604 4100 Opnscc.
