2975 4884
414 254 415 257 ‘
517 262 852 323 senonensem.
998 210 1007 237 ’
1126 246 1221 327 1251

167 478 171 487 ’
476 590 512 631 ,Α
610 518 643 619 s.
699 521 758 595 12.

250 724 336 805 Non
361 726 491 827 procul
517 724 672 817 Thebis,
698 727 839 826 inquit,
866 728 969 801 lucus
996 739 1052 803 est
1079 724 1222 805 Cereris

28 882 29 885 ¹
63 886 67 892 ·
121 844 315 939 ,Cabir'iae
350 858 388 920 et
419 846 595 937 Liberae,
632 869 705 945 quo
742 846 886 944 ingredi
920 866 996 921 non
1027 846 1115 923 licet
1148 852 1221 925 nisl

141 971 317 1063 initiatis;
352 979 496 1065 septem
529 967 616 1040 irinc
650 960 774 1041 stadia
808 967 922 1043 distat
955 969 1083 1042 fanum
1111 964 1221 1043 Cabi-

136 1112 268 1163 rorum
301 1088 367 1162 IX.
393 1084 456 1161 at.
513 1086 567 1160 Hi
594 1089 658 1185 qui
684 1088 760 1160 sint
786 1098 824 1160 et
850 1110 923 1188 quo
949 1090 1025 1162 ritu
1051 1089 1219 1163 colantur

28 1256 29 1309 3
132 1208 263 1282 dicere
296 1211 438 1284 veritus
471 1207 542 1280 lroc
568 1227 682 1280 unum
711 1206 820 1281 addit
844 1208 956 1304 vulgo
983 1230 1007 1282 a
1032 1206 1218 1283 Thebanis

28 1318 30 1375 ἵ
140 1314 347 1419 narratum,
381 1320 533 1400 teletam
558 1349 581 1399 a
607 1323 740 1400 Cerere
765 1330 849 1425 ipsa
874 1330 1111 1403 constitutam
1139 1350 1220 1403 esse
1324 1382 1325 1385 a

141 1449 388 1544 traditamque
400 1442 560 1531 ,cabiris
592 1449 674 1521 sive
700 1445 890 1522 Cabiraeis
915 1446 1018 1520 urbis
1045 1450 1219 1546 antiquae

140 1582 178 1642 et
202 1570 286 1664 jam
321 1563 462 1640 dudum
495 1564 639 1639 deletae
671 1567 821 1657 incolis3
859 1562 1047 1641 Cabiritas
1080 1568 1218 1667 Epigo-

48 1764 56 1771 ς
140 1711 273 1760 norum
299 1687 509 1758 incursione
535 1682 764 1757 disturbatos
789 1680 918 1758 sedem
944 1696 982 1759 et
1007 1710 1111 1762 sacra
1131 1711 1217 1785 gen-

141 1807 257 1879 tilicia
289 1804 548 1901 dereliquisse,
580 1814 715 1900 postea
739 1817 864 1876 tamen
889 1800 1045 1879 rediisse
1072 1807 1216 1905 aliquos

140 1937 179 1998 et
204 1948 284 1999 esse
310 1919 522 1997 etiamnunc
546 1944 719 2019 magnam
744 1923 824 1996 fani
848 1922 1064 2018 religionem
1097 1937 1135 1998 et
1159 1928 1215 1998 in-

140 2047 364 2145 expiabilem
390 2042 611 2118 Cabirorom
635 2046 732 2116 iram
760 2044 817 2137 (τὸ
844 2048 886 2120 ἐκ
909 2053 989 2121 τῶν
1014 2045 1214 2148 Καβείρων

138 2166 300 2267 μήνιμα)
325 2188 445 2264 neque
469 2167 624 2265 impune
648 2163 782 2236 tulisse
806 2166 1012 2262 quicunque
1037 2164 1127 2238 haec
1156 2185 1214 2238 sa·

140 2311 202 2360 cra
225 2287 405 2385 privatim
432 2284 536 2358 obire
562 2294 628 2356 aut
652 2283 836 2381 templum
863 2284 1029 2383 expilare
1055 2286 1137 2358 ausi
1157 2306 1213 2359 es·

28 2496 29 2507 ἳ
139 2422 232 2482 sent
289 2407 389 2480 Huic
420 2400 626 2477 narrationi
656 2406 799 2478 inserta
822 2418 909 2478 sunt
932 2406 1088 2478 nomina
1111 2406 1215 2501 igno·

140 2531 285 2600 tissima
315 2525 526 2598 Promethei
558 2536 596 2597 et
619 2524 800 2615 Aetnaei,
824 2524 1019 2621 Pelargae‚
1044 2524 1214 2599 Isthmia·

140 2649 211 2722 dae
237 2659 276 2720 et
299 2645 502 2733 Telondac,
527 2647 590 2741 qni
616 2668 722 2719 sacra
747 2669 771 2718 a
790 2641 924 2719 Cerere
948 2647 1088 2744 partim
1113 2667 1214 2719 accc·

140 2772 241 2865 pisse
265 2769 404 2865 partim
429 2766 571 2838 abolita
595 2767 802 2839 restituisse
829 2765 1010 2838 dicuntur.
1072 2762 1148 2836 scd
1174 2765 1214 2836 in

138 2888 454 2959 resultatorem
487 2888 611 2982 primo
644 2885 723 2967 (ιν,
760 2885 809 2981 ι.)
848 2884 1068 2981 rretnapum
1101 2880 1216 2955 ease
1314 2862 1319 2871 '

139 2990 404 3081 Atheniensem
423 3005 564 3108 ὀργίων
584 3002 777 3079 παντοίων
798 3007 988 3099 συνθέτην
1002 3001 1102 3100 apud
1118 3002 1214 3075 'lire-

139 3129 258 3200 banos
297 3147 443 3223 quoque
482 3120 703 3195 cabirorum
740 3120 893 3195 teletam
935 3121 1144 3196 condidisse
1177 3134 1216 3197 et

140 3270 357 3342 magnarum
393 3243 547 3315 dearum
579 3241 620 3315 id
654 3252 714 3315 ert
737 3237 882 3315 Cereris
908 3256 946 3315 et
969 3244 1214 3345 Proserpinae

141 3373 256 3463 orgia,
281 3389 377 3463 quae
402 3361 526 3436 Conco
550 3364 764 3435 Elerrsinins
790 3385 875 3436 conr
894 3363 1064 3438 Mensem
1088 3368 1215 3460 regina

141 3487 467 3573 communicasset,
491 3485 616 3577 Lycus
639 3493 768 3557 autem
793 3482 995 3558 Pandionis
1019 3486 1119 3558 filius
1134 3506 1214 3557 arn·

141 3609 360 3705 portasset,
390 3605 498 3677 illum
530 3604 655 3676 dumo
686 3605 932 3694 instaurm3
962 3604 1075 3702 idque
1100 3614 1214 3675 terta

141 3742 223 3800 nnn
256 3750 337 3798 cose
369 3727 637 3822 epigrammate
669 3734 818 3797 statuae
851 3726 888 3795 in
924 3720 1214 3817 Lycomidarum

67 3845 541 3943 wustodedintaef}
591 3842 1214 3917 Hicmnltanrmsabnlarmnila

229 4056 265 4122 δ’,
283 4052 402 4119 'Hyrca
420 4052 448 4103 l·
465 4051 592 4119 'Qucum
610 4052 730 4115 θςωιιως
747 4054 882 4119 {credar}
902 4069 928 4103 rr
948 4056 1062 4107 zfiaerr‘ta
