2975 4884
509 262 865 320 asuerus-reru.
891 294 894 303 ι
1128 250 1227 327 lem
1317 292 1319 295 .
1375 222 1385 234 “

157 419 370 493 inchoatum
403 418 451 492 de
477 417 673 494 Curetibus
706 407 915 496 sermonem
942 420 1117 497 absolvit
1163 426 1226 500 Ni-

5 592 6 607 .
58 608 61 621 ,
157 540 234 612 hile
276 541 394 634 magis
434 539 553 637 probo
588 539 687 638 quui
721 541 787 617 alii
821 540 1082 638 subsequentia
1115 544 1228 619 verba

45 742 48 749 ,
157 658 464 760 παρατίθησιν
445 661 582 761 ομοίως
613 661 677 738 καὶ
712 661 1015 769 Στησιμβρότου
1029 663 1228 757 sollicitant

157 781 258 881 ομὼς
282 790 559 877 praeoptantes3
591 751 684 854 nam
697 780 852 854 illud
831 781 967 881 ομοίως
997 780 1154 856 refertur
1179 783 1228 856 ad

157 890 470 1017 praecedentia
450 932 470 979 ο
502 900 591 985 τοὺς
622 890 784 999 μύθους
807 896 1038 1005 uuuuyuyulu’
1058 900 1227 994 τούτους,

158 1029 351 1117 tutumque
377 1007 607 1093 enuntiatum
632 1020 716 1093 huc
726 1010 848 1094 valet:
883 1014 1155 1119 Demetrius
1179 1020 1227 1096 ut

60 1181 67 1193 ·
158 1151 334 1230 cetera,
384 1156 505 1237 quae
535 1118 629 1213 huc
668 1132 932 1257 pertinent,
972 1145 1044 1215 ita
1073 1134 1226 1216 etiam

160 1259 468 1356 Stesimbroti
500 1254 784 1339 sententiam
811 1250 1154 1336 commemorat
1162 1286 1226 1337 sa·
1239 1315 1249 1323 ,

160 1402 236 1454 cra
262 1379 587 1455 Samothracia
619 1376 938 1482 Cabiroru'm
926 1404 973 1454 1n
984 1380 1227 1457 honorem
1317 1468 1350 1481 -
1410 1340 1414 1347 Ι

158 1499 386 1573 instituta
432 1522 568 1592 esse3
602 1522 696 1597 quae
735 1478 974 1575 Stesimbroti
1013 1501 1106 1590 δόξα
1144 1502 1226 1576 fuit.

158 1612 257 1690 Hinc
294 1623 528 1718 perspicuum
567 1621 610 1694 fit
650 1638 740 1692 nun
758 1614 859 1694 idem
891 1618 1021 1705 omnes
1051 1625 1227 1715 smmum
1283 1662 1285 1669 ι
1386 1596 1388 1603 ’

94 1836 99 1846 ,
158 1737 454 1813 dissentientium
488 1740 579 1816 veru
613 1762 688 1814 non
723 1738 798 1814 alia
831 1708 959 1836 opinio
978 1745 1227 1840 essepotuit,
1341 1768 1345 1780 ·

159 1881 271 1956 quam
298 1880 343 1931 ea
367 1878 471 1933 sacra
496 1868 589 1956 quae
616 1860 695 1960 ἱερὰ
721 1854 920 1960 Καβείρων
946 1858 1138 1949 dicautur,
1156 1861 1228 1934 hoc

159 1996 303 2054 nomen
327 1978 467 2052 babere
495 1981 584 2079 quia
609 2004 633 2053 a
660 1977 803 2053 Cabiris
836 1978 987 2051 condita
1007 1993 1047 2052 et
1071 1979 1228 2052 admini-

159 2111 277 2173 strata
306 2099 461 2189 fuerint,
507 2101 703 2195 nunquia
737 2095 954 2171 Cabirurum
986 2121 1096 2173 causa
1129 2101 1228 2172 fiant.

160 2221 218 2292 Ea
243 2222 324 2291 sine
349 2222 600 2296 controversia
612 2218 805 2293 Strabonis
820 2220 947 2314 opinio
957 2219 1034 2293 vfuit
1047 2220 1229 2305 omnium-

157 2362 233 2437 ·que
259 2342 322 2436 qui
345 2336 500 2429 Cabirus
526 2338 737 2414 divinarum
764 2328 1054 2412 cerimoniarum
1072 2336 1227 2411 admini-

161 2457 257 2533 stres
288 2460 404 2541 fuisse
429 2469 654 2551 statuerunt,
681 2456 952 2553 Corybantum,
985 2454 1230 2552 Dactylurum

48 2574 51 2579 ’
163 2578 411 2678 Curetumque
444 2581 602 2685 similes,
653 2581 723 2664 huc
754 2594 811 2652 est
851 2579 1007 2653 deorum
1044 2582 1230 2674 majurum

162 2692 350 2798 paredros.
389 2678 676 2775 Stesimbrutus
701 2723 792 2775 veru
819 2703 1042 2773 eontrarium
1066 2699 1232 2771 decernit

160 2838 229 2894 111
270 2840 350 2893 esse
388 2820 480 2895 deos
521 2844 707 2894 sacrorum
740 2823 925 2917 principes
957 2793 1228 2916 praesidesque.
1330 2861 1334 2867 -

164 2940 271 3015 Unde
301 2941 457 3034 intelligi
489 2951 654 3036 oportet,
698 2962 782 3010 eum
815 2936 969 3011 Cabirus
999 2934 1229 3035 nequaquam

165 3052 205 3134 iu
229 3082 384 3133 numeru
419 3052 894 3131 daemonumiterresuium
922 3070 960 3129 et
984 3054 1231 3152 gregariorum

167 3176 328 3253 auxisse*
352 3177 419 3253 sed
444 3177 596 3251 deorum
623 3178 851 3253 consentium
879 3175 999 3249 ordini
1026 3178 1232 3275 adscriptus

167 3296 352 3398 putasse,
392 3292 483 3374 sivo·
523 3299 587 3370 ille
637 3296 859 3371 Mercurium
903 3294 1233 3396 Proserpinamque

163 3414 292 3493 ‘animo
334 3418 545 3516 complexus
586 3430 660 3511 est,
677 3428 863 3516 'querum
904 3418 1061 3493 obscura
1077 3429 1080 3436 '
1097 3417 1234 3490 indicia

154 3565 216 3612 ex
227 3532 440 3615 Herodoto
468 3537 678 3634 gliscunt,
708 3542 807 3615 sive
828 3537 922 3611 alios
950 3539 1232 3623 coelicolarum,
1337 3548 1339 3553 ’

161 3662 232 3758 ‘qui
265 3662 303 3732 in
338 3680 558 3757 progressu
552 3662 743 3787 sermonis
777 3659 1073 3757 openetralibus
1102 3677 1229 3735 evoca

50 3857 57 3861 ,
160 3782 317 3854 buntur:
391 3823 397 3829 ·
