2975 4884
255 278 355 354 loto
570 290 714 346 erran
738 286 997 345 secuunus.

255 455 451 526 ostensa
475 446 687 534 sit3nam
702 445 790 517 hoc
813 466 999 542 semper
1017 444 1235 516 initiatis
1255 445 1321 516 in-

257 535 510 645 culcarunt
545 563 761 661 Orpheus
795 575 842 636 et
872 564 1115 652 Musaeus,
1154 562 1321 635 heato·

255 693 353 784 rum
377 694 612 802 perpetua
638 685 859 757 convivia
883 694 929 756 et
952 685 1102 783 μέθην
1127 682 1323 761 αἰώνιον

256 810 359 883 fore
384 803 692 899 Platliepall,
709 802 866 875 363.st
892 825 1037 900 quare
1064 805 1208 875 etiam
1233 799 1346 896 Ly·-

257 929 343 1001 dus
369 925 517 1020 caph
549 944 718 995 nomeu
748 926 1093 1015 mysteriorum
1119 946 1143 994 a
1166 934 1322 995 musto

258 1049 462 1121 derivat
520 1042 588 1114 De
619 1042 706 1114 hae
739 1042 937 1142 crapula
969 1064 1104 1115 saera
1137 1053 1183 1114 et
1216 1065 1325 1114 oon·

258 1176 486 1264 sequente
523 1162 887 1234 illuminatione
928 1165 1136 1256 mystica

301 1325 392 1381 multa
414 1339 468 1398 ego
490 1336 604 1391 possem
625 1318 713 1375 docta
733 1317 812 1373 dicta
833 1326 862 1374 et
883 1321 1012 1394 quamvis
1034 1317 1158 1376 facunde
1178 1320 1275 1394 eloqui

135 1499 143 1512 ³
241 1474 341 1549 »sed
375 1472 486 1570 quia
515 1467 755 1565 philologi
781 1468 971 1565 quidam
997 1470 1249 1543 atheistiei
1273 1512 1325 1524 -

259 1596 466 1690 (Cetera
494 1588 730 1702 desunt),
1164 1575 1170 1589 ’

362 1705 509 1795 Quanta
532 1708 646 1800 igitur
671 1704 784 1777 fuerit
814 1709 904 1779 artis
928 1709 1109 1805 pistoriae
1142 1718 1180 1779 et
1204 1707 1328 1803 coqui-

258 1830 388 1914 nariae
435 1849 518 1898 cum
566 1836 692 1898 vetere
734 1824 938 1920 Theologia
987 1826 1242 1915 necessitudo,
1290 1837 1328 1897 et

260 1970 373 2047 quam
404 1967 481 2017 non
499 1923 784 2016 ‘contemnende
823 1947 874 2017 sit
905 1954 1033 2021 nostra
1067 1948 1114 2019 de
1148 1948 1328 2045 placentis

260 2065 483 2165 disputatio,·
504 2085 528 2132 a
545 2062 712 2160 Goropio
726 2066 817 2135 satis
834 2086 1017 2162 superque
1033 2064 1329 2139 demonstratum

261 2195 329 2257 est
379 2182 574 2254 Praeterea
598 2183 647 2269 si,
671 2193 715 2254 ut
738 2182 808 2255 Bio
835 2183 948 2272 dixit,
973 2187 1082 2257 unica
1108 2185 1158 2258 ad
1181 2188 1330 2284 placen·

204 2345 212 2374 0
261 2304 352 2378 dum
378 2304 444 2377 via
470 2312 545 2388 est,
569 2287 694 2397 ipsum
719 2302 928 2398 placentam
953 2305 1034 2375 fieri
1058 2350 1110 2360 -
1135 2306 1205 2382 οὐκ
1229 2309 1329 2382 ἔστιν

260 2420 480 2523 ἀνθρώποις
505 2422 673 2518 ἀρέσκειν
698 2428 731 2495 ei
755 2422 807 2518 μὴ
832 2433 1048 2500 πλακοῦντα
1076 2422 1280 2526 γενόμενον
1303 2423 1329 2520 ἢ

265 2540 407 2619 Θάσιον
432 2584 483 2595 -
517 2538 567 2610 ad
599 2538 800 2611 secundum
834 2554 931 2613 certe
963 2543 1155 2639 popularis
1189 2545 1330 2638 gratiae

261 2663 296 2734 is
320 2668 567 2757 perventurus
593 2649 759 2763 uidetur,
793 2662 857 2756 qui
890 2660 937 2744 de
967 2662 1147 2759 placentis
1172 2661 1331 2734 scrihere

256 2782 485 2870 instituerit,
520 2802 612 2877 quas
647 2779 811 2851 Isidorus
834 2791 972 2868 'auctor
1005 2792 1062 2853 est
1087 2782 1134 2854 ah
1161 2780 1331 2879 eoquod

262 2902 452 3000 placeant,
492 2897 610 2973 dietas
644 2923 744 2987 esse,
785 2900 881 2972 sieut
913 2900 1008 2991 liba,
1051 2900 1152 2998 quod
1191 2902 1332 2974 libeant

265 3021 387 3116 Origg.
412 3017 496 3091 XX
523 3043 552 3091 c.
579 3021 614 3091 2.
648 3041 813 3115 quasque
830 3031 982 3124 ‘veteres
1006 3022 1081 3118 ipsi
1113 3045 1204 3120 prae
1234 3021 1328 3094 mul-

264 3145 313 3213 tis
339 3141 422 3211 aliis
447 3138 557 3210 rebus
585 3138 749 3236 pulchris
781 3139 960 3237 bellisque
992 3144 1192 3240 praecipue
1224 3141 1332 3239 pnl-

266 3257 450 3331 chralia
475 3270 513 3329 et
538 3257 744 3330 bellaria
769 3264 987 3333 vocitarunt

318 3467 321 3468 ⁷
340 3375 489 3447 Praeter
501 3375 733 3449 Athenaeum
755 3391 793 3449 et
806 3379 992 3456 Pollucem
1010 3402 1106 3452 unus
1119 3379 1331 3474 Hesychius
1451 3449 1463 3458 .

265 3497 427 3593 plurima
445 3496 552 3570 nobis
565 3499 696 3570 harum
712 3498 925 3575 deliciarum
943 3504 1095 3576 nomina
1106 3504 1332 3591 asservavit3

257 3623 406 3727 Αἴγλη»
440 3617 726 3717 ἆλέυρθὸθῦντες
739 3615 806 3716 [Ἷ,
836 3623 1024 3722 ἄμφελαία
1033 3679 1050 3712 ,
1079 3621 1331 3723 ἀπανθρακίς,

340 3831 388 3901 [⁴¹]
411 3833 646 3907 memorem,
676 3842 819 3908 πέμματος
834 3846 914 3910 γένος
935 3861 958 3895 π
990 3841 1183 3916 ’Ἀντικλείδῃ
1206 3842 1253 3894 ubi
1275 3842 1331 3894 for-

267 3909 339 3955 tasse
355 3902 529 3972 ἀλευροῦντες
543 3904 679 3974 legendum
694 3917 725 3960 ut
740 3923 811 3973 σησα
833 3914 932 3972 οῦντες.
995 3913 1065 3965 lossa
1087 3913 1146 3981 ipsa
1168 3929 1203 3964 ex
1219 3911 1330 3964 Anticli-

267 3973 309 4024 dis
334 3971 479 4041 Exegetieo
502 3974 544 4026 vel
567 3975 619 4028 alio
635 3977 675 4028 rei
691 3978 778 4030 sacrifi
820 3981 827 3993 '
859 3983 1041 4036 commentario
1057 3990 1142 4036 sumta
1159 3982 1277 4045 ridetur,
1299 3985 1331 4033 ut

267 4043 390 4130 pleraque
407 4043 516 4098 liborum
530 4053 560 4097 et
576 4047 753 4115 placentarum
769 4051 897 4120 combula
913 4069 932 4105 a
948 4053 1132 4109 Gramnah‘eis
1148 4051 1242 4106 relau.
1271 4051 1330 4104 No-
