2975 4884
271 245 370 321 loos
605 256 740 310 monn
762 254 1009 311 sncuusous.
1131 251 1135 258 ’

204 409 211 509 ζ
267 422 381 504 δαλος
405 417 616 514 ἄνθρωπος.
632 420 713 489 τῶν
737 409 1010 509 αὐτοληκύθων
1024 411 1098 490 ,καὶ
1121 423 1202 494 τῶν
1226 417 1340 494 αὐτο-

267 535 492 640 sepositos»,
526 532 585 610 ἀεὶ
608 539 797 631 scopus,
833 530 1058 633 ἐνδρομίδας
1082 532 1340 634 ὑποδούμενος
1376 598 1390 604 -

264 661 289 757 ἢ
314 656 522 758 βαυκίδας,
548 646 842 752 ἀμφιμάσχαλον
868 654 982 749 ἔχων,
1008 651 1133 726 ubist
1158 655 1240 751 quis
1266 657 1340 729 mi-
1456 682 1461 692 ·

264 789 368 851 retur
399 777 471 850 trio
503 770 668 868 ejusdem
701 770 979 865 significationis
1002 773 1157 846 nomino
1183 774 1340 873 αδτολή.

264 891 722 994 2v906r01'71026fiffaios
756 901 795 962 et
829 891 1124 995 ἐμκαψικίδαλος.
1141 891 1189 965 ab
1218 895 1339 972 hurni-

262 1018 372 1094 nibus
404 1014 598 1092 vilissimis
629 1010 679 1085 ad
711 1011 913 1085 trossulum
938 1012 1129 1094 transferri
1145 1014 1339 1108 ‘eleganter

222 1208 225 1216 ,
263 1142 442 1216 vestitum
467 1136 634 1231 beneque
658 1142 910 1223 nummatum,
945 1135 1110 1230 primum
1136 1132 1337 1208 admonen.

154 1327 160 1350 μ
265 1259 355 1333 dum
381 1267 448 1345 est,
474 1256 534 1330 bio
559 1252 806 1328 Pantolabum
831 1251 1017 1351 quendam
1041 1265 1108 1326 aut
1132 1254 1336 1328 Nomenta-
1386 1281 1389 1290 ¹

67 1360 72 1372 ⁸
128 1465 136 1476 Ι
261 1402 360 1453 num.
377 1375 502 1451 induci
527 1374 662 1448 eludo
689 1374 822 1447 talario
848 1382 1091 1470 protractum,
1116 1396 1189 1472 quo
1212 1377 1253 1447 in
1275 1399 1336 1470 ge·

261 1522 350 1574 nere
382 1497 574 1570 hominum
607 1495 789 1589 elegantia
813 1495 935 1567 aulica
959 1515 1044 1568 oum
1067 1491 1336 1570 sordidis..mo-

260 1618 364 1693 ribus
396 1618 590 1712 conjuncta
622 1635 703 1687 esse
736 1614 855 1703 solet,
880 1611 1016 1687 deinde
1048 1615 1273 1710 gentiliciam
1298 1627 1336 1688 et

262 1740 370 1839 quasi
409 1737 647 1813 vernaculam
686 1732 972 1812 Atheniensium
1011 1736 1189 1810 virtutem
1220 1736 1337 1809 fuisse
1475 1747 1484 1776 ⁴

51 1859 56 1868 ’
193 1925 202 1939 ,
261 1862 331 1960 τὴν
350 1859 544 1946 εὐτέλειαν,
569 1857 641 1929 hoo
665 1865 734 1945 est,
761 1876 979 1950 generosum
1009 1853 1193 1953 quendam
1219 1867 1265 1931 et.
1279 1857 1338 1928 in-

133 2029 135 2034 ,
260 2004 421 2079 genuum
473 1978 622 2075 operosi
669 1976 788 2048 nultus
834 1973 1070 2073 urbanasque
1113 1974 1334 2073 {munditiae

257 2110 487 2192 ,contemtum
513 2092 589 2195 [⁴⁶]‚
623 2118 735 2194 quem
767 2096 832 2193 qui
865 2095 1082 2170 affectarunt
1105 2098 1220 2171 nimio
1246 2098 1335 2169 sim·

260 2221 437 2321 plicitatis
469 2215 612 2320 studio*
628 2239 740 2315 saepe
774 2238 820 2288 eo
844 2216 1140 2315 prolapsisunt,
1166 2230 1209 2291 ut
1223 2217 1333 2301 inso-

142 2343 151 2358 ’
257 2342 411 2414 lentiam
428 2349 475 2410 et
499 2334 707 2410 inconditos
733 2336 837 2431 vulgi
861 2360 984 2412 mores
1008 2340 1275 2426 imitarentur„
1293 2334 1334 2409 id

259 2461 410 2534 demum
431 2456 584 2530 liberale
604 2456 862 2554 populareque·
879 2481 960 2532 esso
973 2460 1056 2549 rati,
1081 2460 1123 2531 si.
1139 2457 1333 2555 nequefa-

261 2603 343 2654 oere
367 2600 488 2675 neque
513 2576 634 2649 dicere
660 2574 861 2674 quidquam
885 2581 992 2677 pensi
1018 2578 1204 2652 haberent
1233 2575 1333 2651 Hinc

258 2702 370 2797 igitur
394 2698 551 2793 intelligi
574 2718 686 2795 posse
711 2695 889 2789 arbitror,
915 2697 1004 2797 qnid
1029 2701 1089 2790 sit,
1114 2720 1180 2771 our
1199 2696 1332 2788 ,cerdo-

166 2891 169 2902 ,
259 2845 352 2895 num
387 2821 608 2916 cognomina
639 2819 945 2922 ἐμκαψικίδαλος,
976 2819 1175 2920 τρίβαλλος
1199 2830 1237 2892 et
1262 2821 1332 2896 αὖ·

257 2939 467 3039 τολήκυθος
502 2937 550 3012 ad
582 2939 758 3037 patricios
784 2939 974 3013 helluones
1000 2941 1220 3014 transierint.
1271 2941 1332 3013 De

180 3145 183 3162 Α
258 3074 448 3158 postremo
485 3057 635 3158 quidem
664 3058 848 3133 vocabulo
874 3060 915 3131 in
940 3058 1061 3134 Schol.
1086 3058 1135 3133 ad
1160 3061 1271 3133 Dom,
1292 3084 1330 3157 p.

262 3180 347 3252 114.
374 3193 412 3254 et
435 3178 574 3253 Anecd„
599 3178 714 3250 Bekk.
739 3202 778 3275 p.
805 3178 891 3252 224.
925 3192 963 3251 et
987 3179 1075 3253 465.
1099 3177 1218 3253 muita
1243 3180 1330 3253 oile-

258 3311 391 3373 runtur
423 3299 472 3374 ad
497 3295 775 3396 explicandum,
802 3296 989 3370 cumidem
1015 3321 1150 3373 nomen
1175 3311 1212 3372 et
1237 3323 1331 3398 pau-

258 3422 415 3519 pertinis
441 3431 479 3492 et
504 3419 618 3491 asotis
643 3419 862 3515 impositum
888 3417 1020 3507 fuerit,
1061 3441 1218 3516 quorum
1250 3422 1329 3518 ple-

258 3563 372 3638 raque
396 3541 541 3637 inepta,
568 3560 683 3611 unum
708 3559 784 3610 non
809 3561 961 3635 prorsus
987 3539 1233 3637 improbabile
1261 3553 1328 3634 est,

258 3661 345 3735 illos
369 3661 424 3736 sio
449 3649 692 3748 dicturusne,
725 3647 831 3756 quasi
867 3659 1128 3750 bursarios,
1159 3661 1224 3757 qui
1250 3658 1328 3732 bul-

332 3845 388 3915 [⁴⁶]
413 3847 474 3900 Hoo
490 3852 531 3899 est
549 3845 614 3898 illud
638 3847 799 3917 φιλοκαλεῖν
821 3846 877 3917 μετ’
904 3844 1050 3915 εὐτελείας,
1074 3848 1144 3916 quod
1164 3846 1328 3904 Atheniensi-

261 3918 311 3970 bus
327 3917 432 3986 propris
448 3917 542 3970 tribuit
558 3916 729 3984 Thucydides
750 3917 785 3970 Il.
808 3916 851 3969 40,
874 3917 901 3969 in
923 3917 969 3969 illa
990 3917 1136 3970 admirabili
1158 3917 1226 3970 demi
1247 3917 1329 3968 Attici

259 3987 376 4057 piatum,
401 3988 593 4039 Parrbasisnse
616 3985 980 4055 ubua0(1’lin.85‚8o.)
1002 4004 1054 4039 non
1073 3987 1178 4039 multum
1202 3985 1328 4039 dissimili.

261 4057 303 4111 Au
321 4056 387 4111 broc
404 4055 539 4113 εὐτέλειαν
555 4059 693 4130 pertinen(
708 4066 738 4112 et
759 4057 937 4114 scissionlcei
960 4056 1093 4128 Arintopla
1113 4057 1197 4110 Rann.
1219 4055 1280 4111 401.
1302 4065 1329 4108 et
