2975 4884
264 250 365 330 lesu
608 269 753 328 erens
778 273 1002 330 run-rnna.
1065 222 1071 237 ⁸

256 431 495 509 verisimile
527 432 657 505 estin
690 427 755 502 bis
781 427 892 502 rebus
918 430 1021 503 etin
1045 431 1248 509 traditione
1272 458 1340 510 nu-
1474 462 1476 539 ;

256 555 412 644 minum,
439 551 571 651 mribus
598 551 691 626 deus
716 550 996 626 &aethram
1020 554 1200 628 invocare
1223 579 1339 654 eper-¹

257 685 372 765 teret,
387 715 391 719 -
404 684 443 746 et
471 674 515 746 in
547 671 800 770 praedicanda
832 690 963 757 esrum
986 684 1176 769 pnoestate
1198 674 1338 751 doeri-

255 818 328 871 nae
353 795 536 889 mystinae
560 816 747 868 summam
773 793 937 889 peritam
962 792 1088 867 fuisse.
1139 796 1199 869 De
1223 796 1336 871 lem-

255 920 329 991 niis
353 913 505 1014 quidem
531 925 571 987 et
595 915 744 988 Imbriis
771 909 916 986 Cabiris
941 911 1079 988 diserte
1104 914 1337 1010 Pherecydes

227 1042 230 1059 ‘
255 1062 316 1137 ap.
343 1036 465 1124 Strab.
491 1034 537 1108 X.
559 1037 647 1110 210.
671 1035 721 1111 τὰ
747 1032 918 1131 ὀνόματα
946 1036 1076 1112 αὐτῶν
1101 1039 1180 1112 ἐστι
1198 1063 1336 1135 μαστι-

254 1158 314 1237 κᾶ.
335 1167 375 1230 et
392 1155 613 1231 Dardanum
625 1157 752 1253 ipsum
764 1155 973 1249 Dionysius
984 1155 1099 1229 refert
1114 1178 1336 1251 magnorum
1474 1158 1476 1170 '

153 1327 155 1333 -
254 1280 410 1387 deorum
437 1279 477 1350 in
503 1275 742 1350 Samothrace
768 1276 1005 1350 constituisse
1028 1299 1135 1350 saera
1153 1276 1336 1376 ἅῤῥήτους

253 1408 332 1487 ταῖς
365 1400 489 1483 ἄλλοις
522 1405 706 1475 noemma
737 1397 807 1492 τὰς
839 1397 940 1484 ἰδίας
971 1399 1102 1490 αὐτῶν
1127 1399 1336 1499 ὀνομασίας

234 1520 296 1594 ·L.
321 1520 350 1593 1.
375 1517 438 1591 68.
464 1517 570 1612 eujus
595 1518 779 1591 eautiunis
804 1519 902 1590 ratio
928 1540 1045 1616 supra
1061 1519 1247 1616 explicate
1265 1533 1336 1593 est

252 1637 352 1715 Num
386 1636 434 1710 de
468 1648 556 1711 ortu
579 1638 713 1709 harum
740 1636 897 1711 dearum
924 1650 964 1711 et
987 1637 1100 1712 rebus
1125 1641 1237 1735 gestis
1261 1642 1335 1712 ini-

252 1761 338 1833 tiati
385 1756 527 1855 aliquid
568 1758 794 1854 acceperint,
846 1758 886 1832 in
926 1757 1161 1832 dubitatione
1205 1782 1334 1835 versa·

252 1890 323 1953 tur.
374 1876 567 1951 Diodorus
592 1874 636 1949 V.
662 1877 723 1951 49.
749 1877 814 1949 ubi
840 1876 890 1950 de
913 1900 1103 1952 sacrorum
1128 1881 1335 1952 institutiu-

250 2022 300 2072 ne
330 2000 451 2073 multa
483 2001 610 2095 inepte
642 1984 849 2087 fabulatur,
883 1997 991 2072 addit
1022 1998 1071 2075 τὰ
1097 2000 1195 2076 κατὰ
1219 2001 1333 2102 μέρος

136 2107 139 2112 .
235 2128 318 2215 ’τῆς
340 2128 486 2216 τελετῆς
511 2123 553 2196 ἐν
579 2116 1027 2217 &annumerabimur
1051 2116 1184 2218 μόνοις
1207 2150 1333 2223 παρα.

249 2239 398 2317 δίδοται
422 2246 501 2324 τοῖς
517 2243 718 2338 μυηθεῖσι,
743 2238 838 2312 ritus
863 2241 990 2338 potius
1005 2261 1196 2315 sacrorum
1218 2263 1332 2338 quam

250 2359 396 2432 fabulas
427 2381 550 2431 serras
582 2360 787 2453 significare
817 2357 979 2432 videtur.
1032 2359 1174 2434 sedin
1199 2364 1332 2460 quintu

251 2478 347 2551 libre
382 2503 412 2553 e
444 2479 508 2551 77.
541 2475 589 2553 de
621 2479 793 2576 repulere
818 2477 926 2556 lovis
953 2481 1095 2555 Gnosio
1121 2484 1175 2555 sie
1201 2481 1332 2581 dispu-

251 2608 326 2672 tat:
360 2598 402 2671 id
434 2598 534 2694 qaod
562 2600 622 2672 bie
648 2598 821 2674 omnibus
846 2614 975 2697 aperte
1000 2613 1198 2699 appareat,
1225 2601 1330 2692 dens,

250 2741 343 2817 quos
372 2719 504 2794 Graeci
531 2730 772 2810 venerentur,
803 2721 975 2795 homines
995 2722 1130 2813 fuisse,
1149 2734 1252 2812 tecte
1277 2726 1329 2797 si·

250 2842 412 2936 gnlfieari
444 2844 633 2936 mysteriis
668 2840 860 2940 Orphieis,
893 2843 1097 2918 Eleusiniis
1132 2856 1171 2918 et
1196 2843 1328 2917 Same-

249 2962 419 3052 uranie,
444 2962 575 3065 bisque
600 2958 726 3037 verbis
750 2965 817 3036 illa
843 2963 997 3038 demtat
1022 2963 1181 3038 deornm
1204 2964 1327 3063 πάθη,

249 3081 493 3180 Proserpinae
533 3096 703 3182 raptum,
738 3106 882 3157 errares
917 3083 1062 3181 Cereris
1096 3095 1135 3157 et
1164 3097 1327 3160 mortem

249 3202 398 3296 Zagrei,
432 3226 526 3301 quae
560 3226 673 3302 quum
708 3206 901 3279 huminum
926 3205 1173 3281 imbecillitati
1197 3210 1326 3305 potius

249 3340 362 3418 quam
394 3322 548 3397 demum
583 3337 738 3399 naturae
773 3327 1064 3424 perfectissimae
1089 3331 1325 3419 conveniant,

247 3443 334 3515 hine
373 3467 420 3516 ex
458 3446 551 3542 ipsis
595 3441 739 3519 Cereris
780 3446 985 3549 Bacchique
1017 3450 1135 3521 initiis
1167 3449 1325 3544 intelligi

247 3587 361 3661 pesse
393 3563 569 3655 affirmat,
604 3589 687 3656 eus,
722 3589 880 3665 querum
912 3590 1018 3641 rasus
1052 3570 1091 3641 in
1117 3572 1231 3643 saeris
1258 3568 1323 3640 ‹le-

247 3684 456 3781 plarentur,
482 3686 652 3763 homines
677 3687 794 3763 fuisse
801 3740 813 3777 ,
837 3711 912 3764 nou
939 3688 1040 3763 dees.
1090 3688 1165 3764 Hie
1195 3690 1229 3763 si
1255 3689 1323 3763 Sa·

246 3804 533 3883 mothraciamm
559 3810 711 3886 nomine
735 3810 876 3883 nonin
902 3832 1042 3886 tanum
1068 3832 1158 3883 usus
1183 3822 1257 3900 est,
1282 3813 1322 3882 ln
1409 3841 1415 3855 ·
1475 3882 1476 3885 ,

247 3923 458 4000 confessum
482 3931 598 4020 venit,
624 3933 664 4004 in
688 3930 789 4002 lrisee
814 3950 959 4029 qunque
983 3932 1174 4025 mysteriis
1195 3929 1322 4015 πάθος
1430 3972 1431 3975 “

113 4081 118 4090 ·
247 4043 436 4144 qrroddam
475 4043 631 4163 nieorum
674 4049 960 4127 demestieurum
1001 4061 1067 4125 eut
1109 4063 1319 4126 enarratum
