2975 4884
508 266 876 324 ,srmonnnscrrx
934 272 937 293 ¹
1127 253 1227 331 1293

155 420 380 495 mothracies
421 431 461 493 et
500 419 688 503 Romanos
727 422 839 497 iidem
880 424 1000 497 facore
1040 424 1227 518 videntur,

152 562 264 637 quam
299 540 434 615 Strabo
459 552 637 638 sequutus
664 539 831 634 Cahiros¹
844 545 942 618 inter
969 552 1112 619 veteres
1138 545 1226 620 deo·

152 683 239 734 rum
263 642 442 758 orgiastas
466 661 604 736 retulit
1325 648 1330 657 ¹

223 842 247 885 1

615 902 648 1001 §-
705 903 762 976 17.

253 1054 324 1128 His
349 1058 479 1153 paucis
505 1056 727 1157 testimoniis
753 1054 1007 1130 inaedificatae
1032 1071 1119 1130 sunt
1135 1057 1223 1133 illae

152 1173 316 1246 infinitae
348 1175 538 1248 hominum
573 1174 767 1249 doctorum
794 1177 1025 1271 conjecturae
1050 1176 1098 1251 de
1122 1200 1224 1253 arca·

152 1315 200 1365 na
226 1292 507 1368 Samothracum
534 1295 739 1393 disciplina
793 1295 888 1370 Nam
916 1318 1010 1394 quae
1030 1309 1223 1395 praeterea

152 1412 351 1486 afferuntur
382 1439 429 1489 nc
462 1415 632 1489 umbram
665 1414 816 1513 quidem
850 1414 1065 1510 dogmatum
1091 1420 1232 1510 mystis·

152 1553 278 1605 corum
307 1536 504 1609 continent.
540 1536 730 1633 Apollonii
756 1536 970 1609 scholiastes
1002 1549 1129 1610 narrat
1152 1538 1223 1610 ini-

150 1642 251 1726 tiatis
277 1658 417 1728 taenias
442 1678 649 1753 purpureas
675 1677 756 1728 esse
780 1655 965 1746 traditas,
999 1640 1223 1754 quibus'ad-

150 1795 279 1847 versus
312 1777 480 1873 pericula
513 1777 759 1870 navigationis
793 1785 1000 1847 tutarentur
1031 1798 1134 1868 sese,
1161 1782 1220 1849 eo·

150 1912 220 1990 que
245 1895 433 1991 praesidio
458 1891 605 1967 Ulixem
632 1904 895 1992 tempestatem
920 1893 1100 1988 effugisse,
1123 1896 1222 1990 Aga-

149 2036 384 2087 memnonem
400 2013 527 2088 turbas
542 1994 777 2088 seditionum.
801 2013 873 2086 His
888 2013 1107 2098 Sancrucius
1119 2038 1221 2088 coro-

148 2156 234 2207 nam
245 2135 472 2229 oleagineam
482 2129 541 2232 [¹¹]‚
554 2129 826 2232 Muenterus[¹]
841 2134 983 2231 pileum
998 2133 1221 2209 desuolibe-

149 2254 278 2325 raliter
292 2254 482 2349 adjiciunt,
502 2254 566 2327 ille
581 2254 727 2328 Proculi
740 2255 953 2327 testimonio
969 2274 1070 2342 usus,
1091 2256 1219 2352 inquo

150 2371 197 2444 de
223 2372 295 2445 diis
322 2374 586 2448 samothraciis
618 2374 764 2446 nullum
790 2373 945 2448 verbum
972 2374 1122 2467 legitur,
1149 2375 1219 2466 hic3

148 2486 236 2589 quia
260 2494 449 2592 pileus-ut
473 2476 638 2568 omnium
665 2493 853 2567 Laconum
882 2495 935 2566 sic
957 2496 1079 2566 etiam
1108 2492 1244 2599 Dies-s

148 2618 319 2686 clerorum
343 2616 486 2709 insigne
511 2625 579 2704 est,
604 2615 779 2687 Dioscuri
804 2606 986 2690 autema
1009 2617 1220 2717 recentiori·

148 2733 216 2807 hos
250 2755 331 2806 cum
359 2730 502 2808 Cabiris
535 2735 676 2809 confusi
708 2745 804 2808 sunt.
855 2734 926 2807 His
952 2732 1121 2830 equidem
1141 2737 1219 2808 im-

149 2857 288 2929 morari
313 2854 413 2944 nolo,
438 2876 513 2927 non
539 2878 612 2953 quo
637 2856 826 2950 ingeniose
852 2851 950 2926 dicta
975 2856 1056 2924 cs'se
1076 2875 1217 2948 negem,

148 2972 216 3071 sed
237 2996 285 3046 ne
303 2995 403 3049 nova
434 2978 620 3048 exoriatur
642 2972 847 3069 disputatio
871 2972 918 3044 de
942 2960 1215 3069 Hieruphanta·
1308 3062 1311 3070 .
1374 3025 1380 3036 ,

150 3098 237 3167 rim·
263 3095 481 3168 lectionibus
513 3094 769 3167 astronomicis
776 3117 786 3183 ;
829 3114 915 3166 nam
948 3092 1031 3164 illas
1062 3092 1216 3166 obhatas

149 3214 308 3289 cassides
324 3215 678 3312 hemisphaeriorum
704 3211 876 3307 symbola
899 3211 1015 3286 fuisse
1040 3210 1106 3284 diu
1129 3199 1216 3286 ante
1290 3241 1306 3317 i

190 3440 193 3449 ’
221 3416 265 3489 [¹¹]
292 3420 329 3473 Le
351 3419 540 3488 recipiendaire
564 3437 592 3472 se
615 3419 759 3491 presentoit
781 3416 964 3477 courennede
989 3416 1116 3470 branches
1141 3416 1216 3468 d’oli-
1279 3430 1282 3431 ’

150 3488 267 3612 νίεζὴὲΓὶ.
285 3489 307 3543 Ι.
333 3488 375 3544 58.
398 3490 503 3543 Proculi
525 3490 623 3557 locum,
650 3507 726 3560 quem
742 3487 788 3542 ille
813 3504 830 3541 a
855 3487 970 3541 Meursie
995 3487 1111 3557 accepit,
1137 3502 1216 3557 supra

148 3560 209 3613 σὼ
220 3627 261 3712 [ἱ]
291 3629 440 3700 Erklirung
457 3631 529 3683 einer
544 3630 725 3700 griechischen
741 3628 866 3681 Inschrifc
883 3644 909 3697 p.
928 3627 970 3680 17.
990 3625 1036 3696 qui
1052 3629 1123 3678 totus
1139 3624 1215 3678 libel-

128 3693 190 3752 'lus
207 3706 319 3770 scnptus
335 3709 377 3753 est
399 3702 624 3771 adprobandum,
647 3701 815 3770 Epigramma
839 3698 995 3769 Spanianum
1019 3695 1137 3764 (Jacobs.
1162 3696 1216 3750 lu-
1278 3721 1289 3730 ·

149 3769 209 3822 rull.
236 3786 262 3839 p.
285 3769 362 3837 779.)
385 3770 531 3823 dedicatum
552 3778 609 3823 esse
649 3788 712 3824 uero
735 3768 865 3838 mysteriis
890 3766 1077 3820 samothraciis
1099 3765 1213 3823 initiato.
1305 3818 1308 3825 ,

149 3840 249 3893 Vanam
266 3857 323 3892 csse
340 3842 408 3892 hanc
425 3841 597 3924 opinationem
614 3789 674 3894 oiim
691 3839 793 3894 ostendi
809 3839 836 3891 in
853 3838 991 3907 Ephcmer.
1010 3836 1114 3891 leneus.
1131 3853 1215 3907 usque
1301 3846 1304 3855 ⁴

150 3910 228 3963 aliter
244 3911 324 3964 sentit
347 3910 499 3974 iacebam,
528 3919 556 3964 et
577 3929 620 3964 res
641 3912 651 3963 i
670 3910 847 3980 aloquitur.
881 3908 930 3961 llle
954 3914 1044 3961 nmen
1064 3914 1164 3977 perstat
1186 3906 1214 3959 in

152 3981 280 4034 autentis
297 3982 385 4050 Autiq.
404 3980 532 4038 Abhaudl.
551 3983 587 4036 N.
605 3929 669 4034 Vllp

151 4051 219 4117 qued
235 4052 292 4105 sine
308 4052 387 4105 rivuli
403 4059 480 4105 amat.

193 4141 230 4203 ΙΙ.
768 4234 773 4243 .
960 4136 1010 4210 33

690 3981 872 4049 inventumque
888 3995 961 4032 suum
986 3994 1017 4030 ee
1034 3978 1118 4047 ωιςίε
1135 3984 1213 4042 amat,
