2975 4884
231 277 309 351 000
429 302 433 308 ·
551 288 694 343 eroon
721 286 980 344 sncusous.
1210 363 1212 372 y
1474 249 1477 404 1

231 449 408 524 scriberet
432 446 629 542 natalibus,
656 469 856 546 eorumque
882 460 1021 523 mortoe
1047 452 1161 523 etiarn
1188 462 1226 523 ot
1240 465 1307 526 ''se-

232 569 402 670 puitores
427 566 710 643 demonstraret.
763 565 879 666 Cujus
904 573 1108 646 mennae
1124 572 1306 669 improbi·
1353 617 1357 623 »
1476 551 1478 612 t

103 707 109 718 ‘
201 697 312 774 ‚tate
348 690 482 762 Graeci
520 691 576 762 ita
615 692 776 788 perculsi
817 703 1080 789 sumusque
1112 702 1308 791 tantopere
1477 679 1478 684 ¹

234 811 394 885 execrati
427 820 532 900 sunt,
564 821 607 884 ut
640 823 768 909 pateat
799 814 983 885 neminem
1008 823 1096 885 ante
1121 835 1209 886 eum
1231 816 1308 887 taio

233 930 411 1030 quiddam
447 951 577 1003 arreum
602 954 695 1004 esse.
747 933 875 1030 anue
901 934 1045 1004 ratione
1069 931 1203 1007 ductus
1225 934 1308 1030 jam

234 1053 325 1125 olim
344 1051 584 1144 vDionysium
619 1053 745 1142 illum,
781 1075 890 1151 quem
924 1050 1116 1127 Diodorus
1148 1051 1210 1127 ΙΙΙ.
1246 1053 1307 1129 52.
1402 1077 1405 1088 ’

232 1174 275 1246 in
313 1171 384 1245 hoc
422 1193 553 1267 genere
594 1175 912 1271 interpretationis
951 1172 1083 1246 ducem
1129 1177 1309 1273 segnitior,

233 1292 377 1392 Ephori
403 1293 632 1389 temporibus
656 1297 867 1393 postposui,
893 1293 994 1389 cujas
1018 1287 1084 1366 iiie
1108 1293 1221 1368 fuerit
1236 1296 1309 1369 Mi·

235 1415 428 1508 tyienaeus
462 1436 511 1487 an
543 1413 692 1488 Samius
727 1438 775 1488 an
800 1414 988 1504 Milesius,
1020 1416 1062 1487 in
1086 1415 1227 1503 incerto
1251 1440 1309 1489 re·

234 1536 405 1633 linquens
449 1546 604 1633 propter
651 1534 823 1629 ambigua
864 1546 1034 1610 veterum
1080 1539 1306 1614 testimonia.

237 1657 390 1730 Etenim
422 1654 524 1753 quod
559 1654 694 1728 Suidas
721 1655 840 1728 refert
871 1656 1098 1749 Dionysium
1123 1656 1308 1754 quendam
1363 1641 1365 1650 ¹

235 1776 480 1874 Milesiumff]
506 1789 654 1874 praeter
679 1776 773 1850 aiios
799 1776 915 1850 libros
939 1777 1136 1850 historicos
1161 1787 1200 1848 et
1223 1797 1309 1872 geo-

237 1897 431 1996 graphicos
454 1895 624 1975 ⁴Misictri
650 1897 842 1995 scripsisse
867 1910 905 1970 ct
929 1897 1079 1976 Kentos
1106 1898 1306 1997 ἱστορικόν,
1425 1971 1433 1985 ,

162 2015 163 2018 ’
235 2019 410 2118 ἰάοιοῳο
441 2018 516 2090 alio
548 2018 631 2124 ioco
664 2018 892 2111 Dionysium
925 2019 1112 2092 Milesium
1146 2021 1307 2119 ἱστοριο-

234 2139 387 2245 γράφον
400 2138 578 2212 Hecataei
604 2138 795 2236 aequalem
819 2139 919 2227 facit,
945 2161 1021 2211 non
1046 2140 1138 2211 satis
1158 2140 1308 2214 ffimum

174 2259 178 2264 ’
235 2257 433 2336 videbatur
466 2247 516 2331 aci
546 2258 801 2357 probandum,
841 2260 939 2332 hunc
971 2281 1051 2332 esse
1084 2281 1108 2331 a
1138 2259 1310 2334 Diodoro

236 2381 455 2455 adhibitum.
507 2379 604 2453 Nam
637 2375 886 2474 Mitylenaeus
925 2403 1069 2478 quoque
1102 2381 1308 2476 Dionysius

237 2503 455 2597 cognomine
480 2498 770 2593 seytobrachion
789 2500 956 2590 Μοθικᾶ
982 2503 1141 2600 scripsit,
1166 2512 1211 2574 nt
1228 2502 1309 2575 Sui-

238 2623 306 2697 1108
331 2622 463 2711 refert,
489 2633 527 2693 ct
552 2623 732 2722 στρατιὰν
758 2619 947 2699 Διονύσου
973 2624 1037 2698 καὶ
1064 2624 1226 2719 Ἀθηνᾶς
1247 2626 1310 2700 καὶ

232 2741 483 2849 Ἀργοναύτας
515 2765 684 2815 sermone
716 2737 900 2840 pedestri,
934 2762 1143 2838 quanquam
1169 2743 1309 2841 Epicus

238 2879 352 2966 poeta
383 2877 556 2952 vocatur,
593 2875 631 2934 et
663 2861 709 2935 ab
742 2862 814 2935 hoc
846 2862 1072 2955 Mitylenaeo
1098 2861 1309 2938 Diodorum

238 2992 432 3077 sumsisse,
467 3007 561 3083 quae
594 2982 642 3056 de
675 2982 828 3056 deorum
861 2982 972 3055 rebus
998 2984 1109 3077 gestis
1134 2984 1309 3058 Euemeri

238 3110 353 3185 modo
386 3117 531 3196 narret,
564 3101 719 3179 Vossius
753 3115 791 3176 et
822 3099 972 3176 Jonsius
1004 3104 1047 3176 L.
1081 3105 1142 3176 [11.
1175 3128 1222 3203 p.-
1245 3105 1306 3177 43.

239 3231 419 3329 suspicati
463 3236 558 3301 sunt.
627 3225 890 3299 Difficultatem
932 3224 1042 3319 hujus
1084 3228 1309 3322 quaestionis
1412 3229 1415 3234 ’

240 3363 376 3448 augent
402 3349 630 3423 scholiastae
655 3345 860 3443 Apollonii,
887 3347 950 3440 qui
968 3343 1201 3439 Argonautas
1227 3350 1309 3423 sive

239 3472 489 3570 Argonautica
528 3468 641 3542 morio
681 3466 828 3540 Milesio
869 3467 1054 3560 Dionysio
1097 3465 1312 3541 adscribunt

239 3597 301 3668 [[1.
336 3595 423 3668 200.
455 3588 537 3690 (ubi
568 3589 769 3662 Muellerus
802 3587 852 3660 ad
887 3588 1049 3660 Reinesii
1081 3587 1238 3664 Observ.
1271 3592 1312 3661 in

242 3715 346 3788 Suid.
372 3739 401 3788 s.
426 3737 463 3789 v.
490 3717 748 3808 Μιτυληναῖος
773 3712 905 3807 reponi
923 3708 1045 3805 jubet)
1074 3722 1112 3783 ct
1136 3707 1198 3782 IV.
1224 3710 1311 3781 22&

240 3836 328 3909 228.
364 3834 474 3909 1153.
509 3831 622 3908 modo
655 3829 882 3923 Mitylenaeo
915 3831 942 3902 1
980 3830 1089 3906 1290.
1125 3832 1169 3904 Π.
1199 3829 1309 3903 1144.

164 4007 166 4016 Χ
243 4037 577 4165 LlerJ41>le¹6ptonye0
606 4034 732 4105 sopusu
754 4033 859 4087 unaco
882 4052 907 4086 v.
932 4035 1044 4089 oeno.
1077 4033 1111 4088 aa
1132 4032 1210 4085 oron
1235 4032 1310 4086 cass.
