2975 4884
178 244 183 251 ’
265 257 341 330 880
590 262 731 324 urana
757 270 1014 325 suouunus.

263 451 385 503 sacras
412 428 616 523 'portiones
661 426 772 521 vulgo
814 425 999 528 ἱερώσυνα
1029 432 1214 505 nominari
1251 452 1337 513 con-

263 560 337 621 stat
345 545 405 647 [Ἷ.
431 547 599 643 Apparet
624 558 767 636 autem2
788 545 835 619 ab
859 550 955 637 istis,
980 551 1044 645 qui
1069 546 1159 623 haec
1183 555 1338 631 nomina
1433 536 1435 541 ⁴
1479 601 1486 635 ι

262 678 497 765 repererunt,
524 688 675 764 operam
703 666 830 742 datam
856 689 948 757 esse,
973 681 1015 742 ut
1040 690 1099 741 res
1125 691 1247 745 sacras
1273 670 1338 745 de·

263 810 348 860 core
380 800 605 885 angusteque
640 787 880 884 appellarent.
938 787 999 860 De
1030 790 1200 886 rebonis,
1241 814 1337 888 quae

263 908 410 1003 collegi,
448 907 657 980 sacrificalis
689 905 837 981 dialecti
869 902 1131 1004 speciminibus
1164 932 1241 984 non
1271 934 1336 1009 pe·

261 1020 368 1101 rinde
411 1026 505 1100 mibi
545 1038 734 1124 promtum
775 1041 831 1100 est
871 1026 993 1103 dicere
1033 1027 1123 1125 quid
1164 1006 1336 1115 statuam.

262 1147 488 1241 Hesychius:
523 1153 730 1247 Βαιῶμφαι
763 1150 803 1223 αἱ
834 1148 935 1251 αἶγες
960 1153 1001 1225 ἐν
1023 1152 1235 1250 ἱερατικοῖς·
1262 1173 1335 1247 quo

193 1261 220 1285 ²
261 1270 413 1341 nomine
437 1276 564 1341 utrum
588 1269 689 1362 leges
712 1265 958 1353 dedicationis
980 1280 1020 1340 ot
1039 1268 1160 1362 elogia
1180 1271 1336 1368 ternplu-

128 1428 136 1435 »
261 1411 345 1461 rum
388 1410 437 1460 an
476 1389 732 1463 commentarii
772 1409 958 1463 sacrorum
996 1399 1034 1461 et
1065 1387 1152 1461 libri
1184 1391 1337 1466 rituales
1377 1400 1384 1412 '

262 1510 527 1602 significentur,
567 1520 605 1580 et
645 1519 758 1603 caput
790 1509 914 1603 ipsum
948 1508 1092 1603 glossae
1123 1531 1213 1595 num
1246 1499 1337 1587 satis

261 1649 393 1703 sanum
426 1629 495 1712 sit,
528 1650 551 1700 a
584 1626 811 1701 doctioribus
843 1626 973 1703 audire
1007 1629 1126 1725 cupio.
1178 1631 1223 1702 ln
1248 1629 1337 1717 Plu-

211 1784 213 1789 ·
261 1749 380 1822 tarcbi
413 1747 544 1844 Symp.
577 1747 638 1859 lV.
676 1746 826 1836 Quaest.
860 1749 905 1821 IL
939 1750 974 1820 2.
1012 1748 1095 1821 172
1130 1750 1337 1850 καὶταύτῃ

261 1868 507 1972 γνωρίζοντες
549 1871 586 1945 οἱ
620 1870 704 1968 παρ’
734 1870 837 1968 ἡμῖν
871 1871 976 1969 ἱερεῖς
1014 1870 1111 1955 αὐτοὶ
1143 1879 1334 1961 καλοῦσιν,

241 1988 332 2085 ’τὴν
363 1990 441 2088 ἶριν
473 1987 806 2090 ὑπολαμβάνοντες
840 1989 1092 2085 ἐπισκήπτειν,
1124 2000 1223 2061 recte
1248 2011 1337 2063 sane

216 2177 219 2185 .
262 2130 332 2204 pro
366 2111 472 2204 ἱερεῖς
505 2106 605 2185 αὐτά
639 2108 844 2182 Salmasius
877 2109 1077 2209 ἐρίσκηπτα
1102 2107 1336 2185 substituisse
1436 2170 1446 2185 ,

197 2310 201 2315 ,
263 2225 422 2301 videtur.
475 2226 550 2300 Sed
575 2228 670 2301 illud
695 2252 719 2302 a
743 2229 857 2303 Festo
884 2229 1061 2304 traditum
1088 2253 1125 2328 p.
1152 2229 1214 2303 66.
1258 2227 1336 2304 Ga-

262 2347 364 2442 pita
397 2347 586 2433 deorum
624 2342 993 2454 appellabantur
1027 2350 1250 2446 fasciculi
1275 2351 1337 2460 ia·

264 2468 328 2539 cti
354 2464 408 2538 de
432 2467 672 2557 verbenis,
704 2471 802 2543 inter
828 2471 998 2568 exempla
1024 2473 1256 2569 tropologiae
1280 2494 1337 2546 sa·

72 2616 74 2625 s
124 2632 127 2637 »
245 2587 431 2685 ,οιίἣοιίἰο
466 2576 605 2661 referre
635 2587 737 2665 baud
762 2586 913 2686 pigebit.
966 2586 1110 2667 Clarius
1134 2590 1236 2665 idem
1262 2592 1336 2666 alio

263 2706 365 2781 loco:
407 2706 607 2806 Struppi
646 2718 880 2785 vocantur
921 2711 967 2783 in
1000 2711 1336 2809 pulvinaribus

263 2827 569 2903 fasciculide
593 2829 818 2908 verbenis
844 2828 979 2919 facti,
1018 2835 1096 2928 qui
1121 2855 1205 2930 pro
1232 2831 1336 2905 deo-

263 2968 361 3020 rum
397 2949 638 3046 capitibus
672 2958 924 3047 ponuntur.
977 2948 1047 3024 Cui
1072 2951 1174 3048 quod
1199 2949 1337 3025 Cbeeo-

264 3067 399 3165 uius[⁰]
424 3071 600 3165 apponit,
634 3080 676 3142 ut
700 3070 844 3158 simile,
876 3069 1056 3166 Stephani
1081 3074 1341 3169 testimonium

266 3185 313 3259 de
336 3190 450 3260 ramis
475 3190 608 3286 pineis,
634 3189 768 3285 quibus
793 3190 967 3263 mulieres
993 3211 1142 3284 graecae
1168 3202 1342 3286 tempore,
1391 3224 1393 3227 ·

265 3305 586 3405 Thesmophorion
626 3309 741 3383 lectos
772 3310 975 3383 insternere
1009 3308 1194 3399 solebant,
1226 3306 1336 3406 longe

266 3427 428 3500 alienum
453 3438 521 3500 est.
566 3426 722 3527 Struppi
748 3431 846 3502 enim
873 3441 960 3505 sunt
985 3451 1142 3504 coronae
1167 3428 1335 3519 deorum,
1439 3440 1445 3451 '

267 3568 363 3643 quae
394 3549 435 3620 in
467 3547 717 3638 lectisterniis,
752 3559 863 3646 puto,
896 3551 1053 3651 privatis
1079 3552 1184 3647 (nani
1210 3552 1336 3648 priva·
1372 3600 1374 3611 ι

338 3782 387 3851 [†]
406 3802 433 3836 v.
450 3784 602 3837 Schneider.
619 3784 725 3845 Lem.
740 3804 766 3842 v.
782 3782 878 3858 Νόμος
895 3775 929 3852 ἦν
945 3785 978 3839 τὰ
996 3752 1263 3859 ὖπολειπόμειῗατῆς
1279 3791 1335 3838 θυ-
1374 3756 1387 3761 4
1460 3824 1467 3845 .

268 3856 332 3915 otoo
344 3850 392 3905 τὸν
408 3855 483 3924 ἱερέα
499 3850 648 3927 λαμβάνειν
665 3855 753 3908 Sebol.
771 3857 851 3910 Arist.
868 3855 939 3910 Plut.
957 3854 1035 3910 1186.
1056 3855 1112 3918 Τὰς
1128 3862 1228 3918 θυσίας
1244 3854 1335 3909 αὐτῶν

267 3918 436 3993 ἀποδόμενοι
453 3927 480 3979 ot
496 3927 578 3999 ἱερεῖς
594 3944 681 3996 καταχ
698 3929 781 3980 ῶνται
798 3929 845 3981 καὶ
861 3929 891 3980 αἱ
914 3930 1041 3996 γυναῖκες
1064 3926 1155 3982 αὐτῶν
1175 3925 1220 3980 ἀπ’
1246 3924 1336 3980 αὐτῶν

246 4018 248 4020 v
267 3989 456 4064 ταριχεύουσαι
472 3996 566 4049 Jerem
583 3945 708 4065 lepisti.
725 3996 770 4049 27.

292 4066 294 4069 ’
338 4063 382 4131 [⁰]
407 4063 492 4134 Saggi
509 4066 537 4118 di
554 4065 663 4120 Dissert.
681 4068 707 4121 d.
725 4067 834 4124 Cotton.
855 4065 1136 4138 ‘1·.1².11.p.1112¹
