2975 4884
257 277 333 349 838
572 278 716 339 ornes
742 281 1003 336 sucuuous.
1033 354 1038 367 ‚

257 448 384 545 phoris
417 444 492 517 illis
524 443 737 531 confertim,
771 453 815 514 ut
846 462 869 513 a
895 435 1084 512 Clemente
1108 437 1325 526 refemntur,

259 589 348 641 usus
380 562 547 652 videtur,
586 563 651 636 sed
682 563 758 635 alio
791 560 873 634 loeo
905 557 1050 631 radium
1084 581 1169 631 curn
1203 572 1326 630 aratro

260 699 507 758 transversum
533 694 634 772 acto,
665 683 740 756 alio
766 700 895 752 rursus
920 679 1080 751 stamina
1105 700 1189 751 cum
1217 679 1329 750 sulcis
1365 740 1368 745 ,

260 806 369 877 rectis
395 816 432 876 ct
456 803 542 875 licia
566 802 786 875 subteminis
812 822 895 873 cum
920 799 1061 870 semiue
1079 796 1121 869 in
1137 798 1328 894 obliquum

257 926 358 1019 jacto
392 924 642 1018 comparavit,
674 942 761 993 nam
775 960 780 975 κ
794 941 909 991 unum
943 939 1028 991 cum
1060 917 1178 989 altero
1210 920 1329 990 consi·

262 1055 358 1115 stere
393 1040 524 1114 eodem
549 1043 632 1114 loco
658 1041 795 1137 nequit.
846 1039 906 1110 De
931 1037 1099 1109 lectionis
1125 1048 1249 1110 autem
1274 1041 1331 1109 in·

262 1162 431 1255 tegritato
453 1183 572 1259 neque
587 1159 853 1233 Valckenarius
877 1154 1025 1231 dubitat
1038 1156 1160 1229 Diatr.
1187 1157 1332 1231 chri·

162 1280 164 1283 ’
263 1280 357 1353 stob
390 1304 427 1377 p.
460 1283 522 1354 77.
554 1303 675 1376 neque
704 1277 1028 1364 Hemsterhusius,
1066 1278 1132 1372 qui
1164 1276 1259 1350 adeo
1291 1279 1330 1348 in

252 1399 412 1473 noem.
437 1398 486 1472 ad
511 1398 738 1493 Hesychium
764 1400 875 1493 hujus
896 1397 1136 1471 Grammatiei
1159 1397 1331 1469 Glossam

264 1516 557 1618 Καμπυλόχοισι,
580 1517 748 1621 dodanta(
774 1542 820 1591 ex
845 1517 995 1615 Orpheo
1021 1520 1182 1591 sumtaui
1208 1527 1247 1589 et
1270 1539 1334 1588 eo-

267 1638 352 1712 dem
377 1636 491 1710 modo
512 1637 763 1735 corrigendam
778 1649 887 1736 putat
905 1634 1230 1736 Καμπυλόχρωοιν
1243 1634 1334 1736 ἆρό-

163 1824 167 1833 .
265 1788 376 1859 τροις.
428 1758 521 1830 Mihi
546 1780 637 1832 vem
662 1756 891 1852 Hesychius,
917 1759 949 1830 si
975 1757 1045 1829 hoo
1071 1779 1092 1828 e
1117 1756 1221 1829 fonte
1245 1757 1336 1829 hau-

266 1880 375 1967 serit,
416 1902 437 1950 e
478 1901 572 1975 puro
605 1879 772 1952 hausisse
804 1899 1004 1974 veramque
1035 1877 1230 1950 lectionem
1261 1900 1336 1949 ser-

268 2020 378 2071 vasse
403 1996 561 2073 videtur.
587 1997 683 2072 Nam
706 1996 989 2100 καμπυλόχρως,
1014 1998 1047 2070 si
1072 2000 1126 2070 ita
1145 1996 1334 2095 Orpheum

268 2120 458 2214 scripsisse
496 2132 687 2215 putemus,
728 2141 798 2215 pro
831 2119 991 2216 simplici
1022 2115 1214 2218 καμπύλος
1246 2119 1337 2189 acci·

268 2235 445 2330 piendum
480 2238 568 2323 erit,
607 2235 708 2332 quod
742 2234 843 2308 haud
874 2237 983 2309 facilc
1015 2229 1164 2310 admitti
1196 2247 1339 2333 potest3

269 2374 357 2425 nam
404 2353 502 2450 quod
534 2343 755 2451 ἀὶολόχρως
798 2353 984 2426 interdum
1025 2378 1095 2452 pro
1137 2355 1260 2442 αἰόλος
1301 2367 1340 2428 et

273 2468 459 2570 ἀλλόχρως
490 2496 559 2569 pro
591 2476 734 2557 ἀλλοῖος
768 2468 901 2543 dicitur
915 2468 984 2570 [⁸],
1023 2493 1255 2569 nequaquam
1289 2476 1340 2546 si-

273 2590 362 2662 mile
410 2604 477 2665 est.
548 2591 693 2664 Deinde
734 2591 854 2690 κερκὶς
900 2588 1072 2690 καμπύλη
1112 2593 1224 2665 nimis
1262 2593 1339 2665 late

272 2718 395 2806 patet,
436 2733 503 2784 nec
541 2711 661 2783 solum
693 2711 857 2785 vomeris
891 2732 1042 2797 uncum,
1080 2733 1189 2807 quem
1221 2709 1337 2783 Hem·

274 2828 478 2901 stenhusius
509 2830 639 2928 procul
670 2828 785 2901 dubio
817 2830 974 2925 intelligi
997 2830 1099 2919 vult,
1133 2828 1338 2903 sedetiam

275 2949 409 3038 sicam,
448 2947 596 3022 dentem
629 2971 755 3037 occae,
794 2951 950 3047 pectinis
983 2949 1129 3022 radium
1166 2961 1204 3020 et
1234 2949 1339 3046 quid·
1459 2972 1465 2985 ·

276 3064 368 3138 libet
399 3066 501 3139 aliud
531 3069 606 3141 isto
637 3068 754 3141 modo
783 3068 987 3142 'formatum
1021 3069 1223 3163 significare
1255 3082 1339 3166 pot·

278 3196 351 3275 est3
389 3202 463 3282 quo
502 3186 754 3282 ambiguitatis
791 3187 887 3261 vitiu
914 3189 1027 3260 etiam
1056 3186 1341 3286 καμπυλόόουσι

113 3342 122 3350 -
220 3384 223 3389 A
278 3303 480 3393 laboraret,
521 3306 554 3378 si
593 3308 678 3403 quis
713 3306 827 3380 vellet
856 3307 912 3379 ita
943 3306 1120 3395 scribere,
1151 3319 1193 3380 ut
1225 3307 1339 3383 dens

277 3445 418 3498 uncus
444 3426 558 3498 aratri
583 3423 685 3523 apud
709 3423 966 3525 Virgilium[⁶].
1009 3425 1084 3500 Sed
1108 3427 1179 3500 hoc
1202 3430 1340 3503 incom-

351 3660 391 3730 [ι]
408 3661 440 3715 n
457 3661 622 3732 rupuar·
638 3678 732 3728 vem,
756 3680 831 3732 qm
847 3663 883 3719 ra
898 3663 996 3732 ruys.
1013 3681 1040 3733 p.
1057 3643 1119 3718 oos'.
1136 3665 1224 3735 ougo,
1241 3667 1339 3719 was

156 3778 160 3784 .
280 3728 381 3783 fieldins
399 3732 433 3784 ad
450 3731 556 3784 haeret.
581 3732 632 3784 111.
656 3731 716 3786 613.
740 3733 861 3787 emendat
883 3729 1039 3806 ἅλλόχρατι.
1075 3735 1203 3788 Homeros
1227 3737 1279 3789 0d.
1303 3736 1339 3787 11.

279 3797 340 3851 366.
358 3797 518 3871 ἀλλογνώτῳ
536 3802 578 3856 ἐνὶ
595 3798 681 3873 δήμῳ.

350 3903 389 3972 [⁰]
404 3901 542 3975 Ἀγαόλοις
563 3902 686 3978 ἀρότροις
709 3905 828 3959 Moschis
851 3907 926 3960 Stob.
950 3907 998 3960 Pb.
1022 3908 1044 3961 l.
1061 3909 1088 3964 9.
1105 3906 1166 3963 242
1201 3907 1267 3959 nex.
1284 3906 1340 3959 Το-

279 3973 378 4025 ttabas.
400 3974 428 4025 in
451 3974 708 4031 subuenisset.
726 3976 841 4029 T.v11.
859 3995 885 4046 p.
901 3974 961 4030 646.
984 3978 1024 4038 εἰς
1045 3977 1094 4033 τὸν
1117 3975 1215 4033 ὀδόντα
1221 4016 1231 4044 ,
1255 3980 1293 4037 εἰς
1309 3975 1338 4029 rb

281 4037 403 4115 ἄροτρον.
439 4043 560 4098 (istem
577 4044 648 4099 nulls
665 4063 727 4116 pars
744 4046 827 4099 aratri
843 4038 1065 4121 vocatur'nrpaeic.
1100 4048 1192 4102 Pollux
1209 4047 1283 4114 enjus
1300 4054 1340 4100 ta·
