<?xml version="1.0" encoding="UTF-8"?>
<!DOCTYPE html PUBLIC "-//W3C//DTD XHTML 1.0 Transitional//EN"
    "http://www.w3.org/TR/xhtml1/DTD/xhtml1-transitional.dtd">
<html xmlns="http://www.w3.org/1999/xhtml" xml:lang="en" lang="en">
 <head>
  <title>
</title>
<meta http-equiv="Content-Type" content="text/html;charset=utf-8" />
  <meta name='ocr-system' content='tesseract 3.04.00' />
  <meta name='ocr-capabilities' content='ocr_page ocr_carea ocr_par ocr_line ocrx_word'/>
</head>
<body>
  <div class='ocr_page' id='page_1' title='image "aglaophamussive01lobegoog_0234.png"; bbox 0 0 2975 4884; ppageno 0'>
   <div class='ocr_carea' id='block_1_1' title="bbox 268 274 1039 350">
    <p class='ocr_par' dir='ltr' id='par_1_1' title="bbox 268 274 1039 350">
     <span class='ocr_line' id='line_1_1' title="bbox 268 274 1039 350; baseline -0.012 -2"><span class='ocrx_word' id='word_1_1' title='bbox 268 274 366 350; x_wconf 87' lang='lat'>1010</span> <span class='ocrx_word' id='word_1_2' title='bbox 610 285 753 342; x_wconf 78' lang='lat' dir='ltr'><strong>umen</strong></span> <span class='ocrx_word' id='word_1_3' title='bbox 779 284 1039 342; x_wconf 78' lang='lat' dir='ltr'><strong>sncunous.</strong></span> 
     </span>
    </p>
   </div>
   <div class='ocr_carea' id='block_1_2' title="bbox 265 403 1338 541">
    <p class='ocr_par' dir='ltr' id='par_1_2' title="bbox 265 403 1338 541">
     <span class='ocr_line' id='line_1_2' title="bbox 265 403 1338 541; baseline -0.007 -18"><span class='ocrx_word' id='word_1_4' title='bbox 265 455 435 539; x_wconf 67' lang='lat' dir='ltr'><strong>‚mereret</strong></span> <span class='ocrx_word' id='word_1_5' title='bbox 451 443 519 541; x_wconf 83' lang='lat'><strong>[⁶].</strong></span> <span class='ocrx_word' id='word_1_6' title='bbox 562 413 716 516; x_wconf 83' lang='lat' dir='ltr'><strong>Prorsus</strong></span> <span class='ocrx_word' id='word_1_7' title='bbox 751 442 850 513; x_wconf 87' lang='lat' dir='ltr'><strong>enim</strong></span> <span class='ocrx_word' id='word_1_8' title='bbox 883 442 1065 514; x_wconf 85' lang='lat' dir='ltr'><strong>assentior</strong></span> <span class='ocrx_word' id='word_1_9' title='bbox 1097 403 1338 532; x_wconf 72' lang='lat' dir='ltr'><strong>nortmanno,</strong></span> 
     </span>
    </p>
   </div>
   <div class='ocr_carea' id='block_1_3' title="bbox 176 551 1342 2218">
    <p class='ocr_par' dir='ltr' id='par_1_3' title="bbox 176 551 1342 2218">
     <span class='ocr_line' id='line_1_3' title="bbox 266 551 1339 660; baseline -0.003 -21"><span class='ocrx_word' id='word_1_10' title='bbox 266 565 391 658; x_wconf 79' lang='lat' dir='ltr'><strong>„nulla</strong></span> <span class='ocrx_word' id='word_1_11' title='bbox 409 562 499 636; x_wconf 89' lang='lat' dir='ltr'><strong>dum</strong></span> <span class='ocrx_word' id='word_1_12' title='bbox 523 559 722 660; x_wconf 79' lang='lat' dir='ltr'><strong>Eupolidis</strong></span> <span class='ocrx_word' id='word_1_13' title='bbox 748 551 868 633; x_wconf 83' lang='lat' dir='ltr'><strong>aetate</strong></span> <span class='ocrx_word' id='word_1_14' title='bbox 881 556 1051 653; x_wconf 76' lang='lat' dir='ltr'><strong>Ootyttia</strong></span> <span class='ocrx_word' id='word_1_15' title='bbox 1070 559 1117 634; x_wconf 91' lang='lat' dir='ltr'><strong>ab</strong></span> <span class='ocrx_word' id='word_1_16' title='bbox 1137 561 1339 636; x_wconf 84' lang='lat' dir='ltr'><strong>Athenien·</strong></span> 
     </span>
     <span class='ocr_line' id='line_1_4' title="bbox 222 680 1339 781; baseline -0.003 -22"><span class='ocrx_word' id='word_1_17' title='bbox 222 737 226 741; x_wconf 82' lang='grc'><strong>-</strong></span> <span class='ocrx_word' id='word_1_18' title='bbox 268 685 393 777; x_wconf 87' lang='lat' dir='ltr'><strong>„sibus</strong></span> <span class='ocrx_word' id='word_1_19' title='bbox 419 692 568 781; x_wconf 87' lang='lat' dir='ltr'><strong>recepta</strong></span> <span class='ocrx_word' id='word_1_20' title='bbox 592 682 707 754; x_wconf 85' lang='lat' dir='ltr'><strong>fuisse</strong></span> <span class='ocrx_word' id='word_1_21' title='bbox 733 681 919 753; x_wconf 78' lang='lat' dir='ltr'><strong>statuenti.</strong></span> <span class='ocrx_word' id='word_1_22' title='bbox 971 680 1164 780; x_wconf 78' lang='lat' dir='ltr'><strong>Sequitur,</strong></span> <span class='ocrx_word' id='word_1_23' title='bbox 1189 692 1234 757; x_wconf 90' lang='lat' dir='ltr'><strong>ut</strong></span> <span class='ocrx_word' id='word_1_24' title='bbox 1259 685 1339 780; x_wconf 87' lang='lat' dir='ltr'><strong>qui·</strong></span> 
     </span>
     <span class='ocr_line' id='line_1_5' title="bbox 268 799 1339 902; baseline -0.003 -24"><span class='ocrx_word' id='word_1_25' title='bbox 268 804 361 895; x_wconf 84' lang='lat' dir='ltr'><strong>„bus</strong></span> <span class='ocrx_word' id='word_1_26' title='bbox 388 804 508 876; x_wconf 85' lang='lat' dir='ltr'><strong>causis</strong></span> <span class='ocrx_word' id='word_1_27' title='bbox 533 813 724 899; x_wconf 88' lang='lat' dir='ltr'><strong>permotus</strong></span> <span class='ocrx_word' id='word_1_28' title='bbox 746 799 904 898; x_wconf 84' lang='lat' dir='ltr'><strong>Eupolis</strong></span> <span class='ocrx_word' id='word_1_29' title='bbox 930 800 1094 875; x_wconf 84' lang='lat' dir='ltr'><strong>fabulam</strong></span> <span class='ocrx_word' id='word_1_30' title='bbox 1114 824 1221 876; x_wconf 88' lang='lat' dir='ltr'><strong>suam</strong></span> <span class='ocrx_word' id='word_1_31' title='bbox 1240 803 1339 902; x_wconf 86' lang='lat' dir='ltr'><strong>Bap-</strong></span> 
     </span>
     <span class='ocr_line' id='line_1_6' title="bbox 219 918 1339 1022; baseline 0.003 -31"><span class='ocrx_word' id='word_1_32' title='bbox 219 981 222 991; x_wconf 93' lang='lat'><strong>.</strong></span> <span class='ocrx_word' id='word_1_33' title='bbox 267 935 412 1022; x_wconf 86' lang='lat' dir='ltr'><strong>„tarum</strong></span> <span class='ocrx_word' id='word_1_34' title='bbox 437 922 588 994; x_wconf 90' lang='lat' dir='ltr'><strong>nomine</strong></span> <span class='ocrx_word' id='word_1_35' title='bbox 612 921 862 1018; x_wconf 77' lang='lat' dir='ltr'><strong>inscripserit,</strong></span> <span class='ocrx_word' id='word_1_36' title='bbox 889 918 1147 996; x_wconf 80' lang='lat' dir='ltr'><strong>doceamus.</strong></span> <span class='ocrx_word' id='word_1_37' title='bbox 1200 922 1339 995; x_wconf 83' lang='lat' dir='ltr'><strong>Gesne-</strong></span> 
     </span>
     <span class='ocr_line' id='line_1_7' title="bbox 268 1036 1339 1139; baseline -0.003 -22"><span class='ocrx_word' id='word_1_38' title='bbox 268 1061 354 1133; x_wconf 88' lang='lat' dir='ltr'><strong>„rus</strong></span> <span class='ocrx_word' id='word_1_39' title='bbox 380 1042 429 1117; x_wconf 88' lang='lat' dir='ltr'><strong>ad</strong></span> <span class='ocrx_word' id='word_1_40' title='bbox 454 1042 603 1115; x_wconf 82' lang='lat' dir='ltr'><strong>Lucien.</strong></span> <span class='ocrx_word' id='word_1_41' title='bbox 628 1037 769 1139; x_wconf 89' lang='lat' dir='ltr'><strong>Baptas</strong></span> <span class='ocrx_word' id='word_1_42' title='bbox 794 1040 945 1112; x_wconf 80' lang='lat' dir='ltr'><strong>solenne</strong></span> <span class='ocrx_word' id='word_1_43' title='bbox 970 1036 1144 1136; x_wconf 83' lang='lat' dir='ltr'><strong>Cotyttus</strong></span> <span class='ocrx_word' id='word_1_44' title='bbox 1170 1040 1339 1116; x_wconf 83' lang='lat' dir='ltr'><strong>sacerdo-</strong></span> 
     </span>
     <span class='ocr_line' id='line_1_8' title="bbox 176 1159 1339 1256; baseline -0.004 -19"><span class='ocrx_word' id='word_1_45' title='bbox 176 1185 184 1196; x_wconf 91' lang='lat'><strong>·</strong></span> <span class='ocrx_word' id='word_1_46' title='bbox 269 1175 373 1254; x_wconf 80' lang='lat' dir='ltr'><strong>„tum</strong></span> <span class='ocrx_word' id='word_1_47' title='bbox 397 1181 532 1234; x_wconf 88' lang='lat' dir='ltr'><strong>nomen</strong></span> <span class='ocrx_word' id='word_1_48' title='bbox 557 1161 688 1249; x_wconf 71' lang='lat' dir='ltr'><strong>fuisse,</strong></span> <span class='ocrx_word' id='word_1_49' title='bbox 710 1162 750 1233; x_wconf 94' lang='lat' dir='ltr'><strong>in</strong></span> <span class='ocrx_word' id='word_1_50' title='bbox 776 1180 848 1256; x_wconf 90' lang='lat' dir='ltr'><strong>quo</strong></span> <span class='ocrx_word' id='word_1_51' title='bbox 875 1159 1128 1256; x_wconf 79' lang='lat' dir='ltr'><strong>acquiescebat</strong></span> <span class='ocrx_word' id='word_1_52' title='bbox 1154 1161 1243 1236; x_wconf 91' lang='lat' dir='ltr'><strong>olim</strong></span> <span class='ocrx_word' id='word_1_53' title='bbox 1266 1161 1339 1233; x_wconf 91' lang='lat' dir='ltr'><strong>Lo-</strong></span> 
     </span>
     <span class='ocr_line' id='line_1_9' title="bbox 267 1277 1338 1381; baseline -0.003 -25"><span class='ocrx_word' id='word_1_54' title='bbox 267 1282 442 1374; x_wconf 77' lang='lat' dir='ltr'><strong>„beelcius</strong></span> <span class='ocrx_word' id='word_1_55' title='bbox 475 1277 522 1354; x_wconf 87' lang='lat' dir='ltr'><strong>de</strong></span> <span class='ocrx_word' id='word_1_56' title='bbox 552 1279 603 1352; x_wconf 88' lang='lat' dir='ltr'><strong>M.</strong></span> <span class='ocrx_word' id='word_1_57' title='bbox 634 1279 676 1354; x_wconf 90' lang='lat' dir='ltr'><strong>B.</strong></span> <span class='ocrx_word' id='word_1_58' title='bbox 707 1281 831 1376; x_wconf 90' lang='lat' dir='ltr'><strong>ipsum</strong></span> <span class='ocrx_word' id='word_1_59' title='bbox 857 1278 1088 1355; x_wconf 81' lang='lat' dir='ltr'><strong>Alcibiadem</strong></span> <span class='ocrx_word' id='word_1_60' title='bbox 1113 1284 1178 1354; x_wconf 86' lang='lat' dir='ltr'><strong>isti</strong></span> <span class='ocrx_word' id='word_1_61' title='bbox 1201 1278 1338 1381; x_wconf 91' lang='lat' dir='ltr'><strong>Bapta-</strong></span> 
     </span>
     <span class='ocr_line' id='line_1_10' title="bbox 183 1391 1339 1497; baseline -0.001 -24"><span class='ocrx_word' id='word_1_62' title='bbox 183 1427 189 1439; x_wconf 87' lang='lat'><strong>·</strong></span> <span class='ocrx_word' id='word_1_63' title='bbox 266 1424 373 1492; x_wconf 85' lang='lat' dir='ltr'><strong>„rum</strong></span> <span class='ocrx_word' id='word_1_64' title='bbox 417 1391 568 1496; x_wconf 87' lang='lat' dir='ltr'><strong>collegio</strong></span> <span class='ocrx_word' id='word_1_65' title='bbox 603 1398 831 1497; x_wconf 84' lang='lat' dir='ltr'><strong>adscriptum</strong></span> <span class='ocrx_word' id='word_1_66' title='bbox 862 1398 979 1471; x_wconf 88' lang='lat' dir='ltr'><strong>fuisse</strong></span> <span class='ocrx_word' id='word_1_67' title='bbox 1011 1402 1236 1473; x_wconf 87' lang='lat' dir='ltr'><strong>existimans.</strong></span> <span class='ocrx_word' id='word_1_68' title='bbox 1286 1398 1339 1473; x_wconf 86' lang='lat' dir='ltr'><strong>At</strong></span> 
     </span>
     <span class='ocr_line' id='line_1_11' title="bbox 268 1517 1338 1621; baseline -0.006 -24"><span class='ocrx_word' id='word_1_69' title='bbox 268 1523 495 1621; x_wconf 66' lang='lat' dir='ltr'><strong>‚AEaptarum</strong></span> <span class='ocrx_word' id='word_1_70' title='bbox 527 1539 664 1591; x_wconf 89' lang='lat' dir='ltr'><strong>nomen</strong></span> <span class='ocrx_word' id='word_1_71' title='bbox 696 1541 809 1614; x_wconf 92' lang='lat' dir='ltr'><strong>quum</strong></span> <span class='ocrx_word' id='word_1_72' title='bbox 842 1539 888 1590; x_wconf 87' lang='lat' dir='ltr'><strong>ex</strong></span> <span class='ocrx_word' id='word_1_73' title='bbox 919 1517 1023 1591; x_wconf 93' lang='lat' dir='ltr'><strong>nullo</strong></span> <span class='ocrx_word' id='word_1_74' title='bbox 1055 1523 1235 1618; x_wconf 70' lang='lat' dir='ltr'><strong>accipiere</strong></span> <span class='ocrx_word' id='word_1_75' title='bbox 1265 1521 1338 1592; x_wconf 84' lang='lat' dir='ltr'><strong>nisi</strong></span> 
     </span>
     <span class='ocr_line' id='line_1_12' title="bbox 268 1636 1342 1739; baseline -0.005 -23"><span class='ocrx_word' id='word_1_76' title='bbox 268 1666 339 1733; x_wconf 87' lang='lat' dir='ltr'><strong>„ex</strong></span> <span class='ocrx_word' id='word_1_77' title='bbox 378 1638 609 1739; x_wconf 87' lang='lat' dir='ltr'><strong>Eupolideae</strong></span> <span class='ocrx_word' id='word_1_78' title='bbox 649 1636 799 1710; x_wconf 83' lang='lat' dir='ltr'><strong>fabulae</strong></span> <span class='ocrx_word' id='word_1_79' title='bbox 831 1637 950 1733; x_wconf 89' lang='lat' dir='ltr'><strong>elogio</strong></span> <span class='ocrx_word' id='word_1_80' title='bbox 986 1641 1173 1735; x_wconf 87' lang='lat' dir='ltr'><strong>cognitum</strong></span> <span class='ocrx_word' id='word_1_81' title='bbox 1204 1639 1342 1713; x_wconf 65' lang='lat' dir='ltr'><strong>naboe</strong></span> 
     </span>
     <span class='ocr_line' id='line_1_13' title="bbox 212 1755 1337 1860; baseline -0.003 -23"><span class='ocrx_word' id='word_1_82' title='bbox 212 1811 214 1814; x_wconf 85' lang='lat'>·</span> <span class='ocrx_word' id='word_1_83' title='bbox 268 1784 394 1860; x_wconf 88' lang='lat' dir='ltr'><strong>„mus‚</strong></span> <span class='ocrx_word' id='word_1_84' title='bbox 439 1771 576 1832; x_wconf 90' lang='lat' dir='ltr'><strong>certum</strong></span> <span class='ocrx_word' id='word_1_85' title='bbox 615 1755 803 1853; x_wconf 87' lang='lat' dir='ltr'><strong>quoddam</strong></span> <span class='ocrx_word' id='word_1_86' title='bbox 846 1768 883 1830; x_wconf 89' lang='lat' dir='ltr'><strong>et</strong></span> <span class='ocrx_word' id='word_1_87' title='bbox 916 1760 1101 1855; x_wconf 83' lang='lat' dir='ltr'><strong>peculiare</strong></span> <span class='ocrx_word' id='word_1_88' title='bbox 1134 1761 1337 1859; x_wconf 87' lang='lat' dir='ltr'><strong>Baptarum</strong></span> 
     </span>
     <span class='ocr_line' id='line_1_14' title="bbox 268 1877 1336 1977; baseline -0.003 -23"><span class='ocrx_word' id='word_1_89' title='bbox 268 1881 485 1974; x_wconf 85' lang='lat' dir='ltr'><strong>„collegium</strong></span> <span class='ocrx_word' id='word_1_90' title='bbox 524 1878 639 1950; x_wconf 87' lang='lat' dir='ltr'><strong>fuisse</strong></span> <span class='ocrx_word' id='word_1_91' title='bbox 678 1877 831 1974; x_wconf 87' lang='lat' dir='ltr'><strong>probari</strong></span> <span class='ocrx_word' id='word_1_92' title='bbox 869 1899 946 1949; x_wconf 91' lang='lat' dir='ltr'><strong>non</strong></span> <span class='ocrx_word' id='word_1_93' title='bbox 978 1891 1122 1977; x_wconf 85' lang='lat' dir='ltr'><strong>potest,</strong></span> <span class='ocrx_word' id='word_1_94' title='bbox 1162 1880 1204 1953; x_wconf 93' lang='lat' dir='ltr'><strong>id</strong></span> <span class='ocrx_word' id='word_1_95' title='bbox 1236 1877 1336 1977; x_wconf 89' lang='lat' dir='ltr'><strong>quod</strong></span> 
     </span>
     <span class='ocr_line' id='line_1_15' title="bbox 268 1993 1337 2093; baseline -0.004 -19"><span class='ocrx_word' id='word_1_96' title='bbox 268 2011 467 2093; x_wconf 90' lang='lat' dir='ltr'><strong>„monente</strong></span> <span class='ocrx_word' id='word_1_97' title='bbox 508 1998 660 2071; x_wconf 83' lang='lat' dir='ltr'><strong>Struvio</strong></span> <span class='ocrx_word' id='word_1_98' title='bbox 702 1996 857 2073; x_wconf 86' lang='lat' dir='ltr'><strong>Observ.</strong></span> <span class='ocrx_word' id='word_1_99' title='bbox 889 1993 996 2071; x_wconf 82' lang='lat' dir='ltr'><strong>Fesc.</strong></span> <span class='ocrx_word' id='word_1_100' title='bbox 1029 2000 1128 2073; x_wconf 80' lang='lat' dir='ltr'><strong>Xllt.</strong></span> <span class='ocrx_word' id='word_1_101' title='bbox 1163 1997 1221 2072; x_wconf 83' lang='lat'><strong>15.</strong></span> <span class='ocrx_word' id='word_1_102' title='bbox 1254 2020 1337 2071; x_wconf 89' lang='lat' dir='ltr'><strong>eam</strong></span> 
     </span>
     <span class='ocr_line' id='line_1_16' title="bbox 269 2115 1340 2218; baseline -0.002 -25"><span class='ocrx_word' id='word_1_103' title='bbox 269 2142 438 2218; x_wconf 86' lang='lat' dir='ltr'><strong>„quoque</strong></span> <span class='ocrx_word' id='word_1_104' title='bbox 464 2115 511 2189; x_wconf 94' lang='lat' dir='ltr'><strong>ob</strong></span> <span class='ocrx_word' id='word_1_105' title='bbox 538 2138 686 2189; x_wconf 90' lang='lat' dir='ltr'><strong>causam</strong></span> <span class='ocrx_word' id='word_1_106' title='bbox 712 2139 788 2189; x_wconf 93' lang='lat' dir='ltr'><strong>non</strong></span> <span class='ocrx_word' id='word_1_107' title='bbox 812 2117 1006 2217; x_wconf 86' lang='lat' dir='ltr'><strong>probabile</strong></span> <span class='ocrx_word' id='word_1_108' title='bbox 1032 2132 1098 2209; x_wconf 88' lang='lat' dir='ltr'><strong>est,</strong></span> <span class='ocrx_word' id='word_1_109' title='bbox 1124 2119 1224 2217; x_wconf 92' lang='lat' dir='ltr'><strong>quod</strong></span> <span class='ocrx_word' id='word_1_110' title='bbox 1249 2116 1340 2191; x_wconf 64' lang='lat' dir='ltr'><strong>Cot·</strong></span> 
     </span>
    </p>
   </div>
   <div class='ocr_carea' id='block_1_4' title="bbox 268 2236 1473 2336">
    <p class='ocr_par' dir='ltr' id='par_1_4' title="bbox 268 2236 1473 2336">
     <span class='ocr_line' id='line_1_17' title="bbox 268 2236 1473 2336; baseline -0.021 -17"><span class='ocrx_word' id='word_1_111' title='bbox 268 2239 405 2334; x_wconf 81' lang='lat' dir='ltr'><strong>„tyttia</strong></span> <span class='ocrx_word' id='word_1_112' title='bbox 430 2261 453 2310; x_wconf 89' lang='lat' dir='ltr'><strong>a</strong></span> <span class='ocrx_word' id='word_1_113' title='bbox 478 2236 567 2308; x_wconf 88' lang='lat' dir='ltr'><strong>solis</strong></span> <span class='ocrx_word' id='word_1_114' title='bbox 592 2237 741 2308; x_wconf 84' lang='lat' dir='ltr'><strong>feminis</strong></span> <span class='ocrx_word' id='word_1_115' title='bbox 766 2237 1053 2334; x_wconf 85' lang='lat' dir='ltr'><strong>peragebantur,</strong></span> <span class='ocrx_word' id='word_1_116' title='bbox 1085 2261 1205 2336; x_wconf 88' lang='lat' dir='ltr'><strong>neque</strong></span> <span class='ocrx_word' id='word_1_117' title='bbox 1227 2240 1340 2333; x_wconf 82' lang='lat' dir='ltr'><strong>igitur</strong></span> <span class='ocrx_word' id='word_1_118' title='bbox 1472 2237 1473 2268; x_wconf 48' lang='lat' dir='ltr'>f</span> 
     </span>
    </p>
   </div>
   <div class='ocr_carea' id='block_1_5' title="bbox 234 2354 1470 3550">
    <p class='ocr_par' dir='ltr' id='par_1_5' title="bbox 234 2354 1470 3550">
     <span class='ocr_line' id='line_1_18' title="bbox 270 2354 1339 2455; baseline -0.002 -23"><span class='ocrx_word' id='word_1_119' title='bbox 270 2359 422 2449; x_wconf 67' lang='lat' dir='ltr'><strong>‚avitis</strong></span> <span class='ocrx_word' id='word_1_120' title='bbox 437 2355 689 2428; x_wconf 85' lang='lat' dir='ltr'><strong>sacerdotibus</strong></span> <span class='ocrx_word' id='word_1_121' title='bbox 712 2354 963 2436; x_wconf 81' lang='lat' dir='ltr'><strong>administrari</strong></span> <span class='ocrx_word' id='word_1_122' title='bbox 977 2369 1187 2455; x_wconf 85' lang='lat' dir='ltr'><strong>potuerunt.</strong></span> <span class='ocrx_word' id='word_1_123' title='bbox 1214 2356 1339 2446; x_wconf 79' lang='lat' dir='ltr'><strong>Quan-</strong></span> 
     </span>
     <span class='ocr_line' id='line_1_19' title="bbox 272 2473 1339 2576; baseline 0 -27"><span class='ocrx_word' id='word_1_124' title='bbox 272 2499 408 2574; x_wconf 88' lang='lat' dir='ltr'><strong>„quam</strong></span> <span class='ocrx_word' id='word_1_125' title='bbox 439 2473 481 2567; x_wconf 90' lang='lat' dir='ltr'><strong>id</strong></span> <span class='ocrx_word' id='word_1_126' title='bbox 503 2498 534 2576; x_wconf 85' lang='lat' dir='ltr'><strong>¹e</strong></span> <span class='ocrx_word' id='word_1_127' title='bbox 564 2475 702 2570; x_wconf 87' lang='lat' dir='ltr'><strong>Papiae</strong></span> <span class='ocrx_word' id='word_1_128' title='bbox 738 2480 977 2550; x_wconf 82' lang='lat' dir='ltr'><strong>annotatione</strong></span> <span class='ocrx_word' id='word_1_129' title='bbox 1002 2501 1062 2575; x_wconf 81' lang='lat' dir='ltr'><strong>ep.</strong></span> <span class='ocrx_word' id='word_1_130' title='bbox 1087 2478 1339 2551; x_wconf 88' lang='lat' dir='ltr'><strong>Burmannnm</strong></span> 
     </span>
     <span class='ocr_line' id='line_1_20' title="bbox 271 2591 1338 2695; baseline -0.001 -27"><span class='ocrx_word' id='word_1_131' title='bbox 271 2595 406 2688; x_wconf 80' lang='lat' dir='ltr'><strong>„Antb</strong></span> <span class='ocrx_word' id='word_1_132' title='bbox 432 2594 474 2667; x_wconf 82' lang='grc' dir='ltr'><strong>Τ.</strong></span> <span class='ocrx_word' id='word_1_133' title='bbox 499 2591 628 2686; x_wconf 75' lang='lat' dir='ltr'><strong>t433.</strong></span> <span class='ocrx_word' id='word_1_134' title='bbox 654 2595 777 2690; x_wconf 83' lang='lat' dir='ltr'><strong>colligi</strong></span> <span class='ocrx_word' id='word_1_135' title='bbox 802 2599 868 2670; x_wconf 88' lang='lat' dir='ltr'><strong>vix</strong></span> <span class='ocrx_word' id='word_1_136' title='bbox 892 2609 1028 2694; x_wconf 82' lang='lat' dir='ltr'><strong>potest,</strong></span> <span class='ocrx_word' id='word_1_137' title='bbox 1054 2619 1164 2695; x_wconf 87' lang='lat' dir='ltr'><strong>quam</strong></span> <span class='ocrx_word' id='word_1_138' title='bbox 1180 2596 1338 2668; x_wconf 69' lang='lat' dir='ltr'><strong>eschol.</strong></span> 
     </span>
     <span class='ocr_line' id='line_1_21' title="bbox 271 2711 1338 2814; baseline 0.001 -26"><span class='ocrx_word' id='word_1_139' title='bbox 271 2714 426 2807; x_wconf 85' lang='lat' dir='ltr'><strong>„Juven</strong></span> <span class='ocrx_word' id='word_1_140' title='bbox 449 2713 614 2811; x_wconf 82' lang='lat' dir='ltr'><strong>ipsisque</strong></span> <span class='ocrx_word' id='word_1_141' title='bbox 637 2711 829 2789; x_wconf 81' lang='lat' dir='ltr'><strong>luvenalis</strong></span> <span class='ocrx_word' id='word_1_142' title='bbox 855 2715 1024 2792; x_wconf 88' lang='lat' dir='ltr'><strong>versibus</strong></span> <span class='ocrx_word' id='word_1_143' title='bbox 1041 2718 1221 2814; x_wconf 87' lang='lat' dir='ltr'><strong>imperite</strong></span> <span class='ocrx_word' id='word_1_144' title='bbox 1240 2738 1338 2789; x_wconf 59' lang='lat' dir='ltr'><strong>corn*</strong></span> 
     </span>
     <span class='ocr_line' id='line_1_22' title="bbox 269 2826 1344 2934; baseline 0.001 -26"><span class='ocrx_word' id='word_1_145' title='bbox 269 2826 448 2934; x_wconf 83' lang='lat' dir='ltr'><strong>„pila&#39;tam</strong></span> <span class='ocrx_word' id='word_1_146' title='bbox 474 2855 565 2924; x_wconf 87' lang='lat' dir='ltr'><strong>esse,</strong></span> <span class='ocrx_word' id='word_1_147' title='bbox 589 2845 688 2905; x_wconf 87' lang='lat' dir='ltr'><strong>recte</strong></span> <span class='ocrx_word' id='word_1_148' title='bbox 712 2838 859 2909; x_wconf 89' lang='lat' dir='ltr'><strong>monuit</strong></span> <span class='ocrx_word' id='word_1_149' title='bbox 882 2836 1163 2911; x_wconf 86' lang='lat' dir='ltr'><strong>Buttmannus.“</strong></span> <span class='ocrx_word' id='word_1_150' title='bbox 1193 2837 1344 2910; x_wconf 66' lang='lat' dir='ltr'><strong>Postre</strong></span> 
     </span>
     <span class='ocr_line' id='line_1_23' title="bbox 270 2951 1340 3054; baseline 0.003 -28"><span class='ocrx_word' id='word_1_151' title='bbox 270 2976 334 3026; x_wconf 92' lang='lat' dir='ltr'><strong>mo</strong></span> <span class='ocrx_word' id='word_1_152' title='bbox 374 2951 537 3051; x_wconf 84' lang='lat' dir='ltr'><strong>Eupolin</strong></span> <span class='ocrx_word' id='word_1_153' title='bbox 583 2977 662 3026; x_wconf 91' lang='lat' dir='ltr'><strong>rem</strong></span> <span class='ocrx_word' id='word_1_154' title='bbox 711 2958 781 3054; x_wconf 77' lang='lat' dir='ltr'><strong>ita</strong></span> <span class='ocrx_word' id='word_1_155' title='bbox 805 2959 1011 3029; x_wconf 84' lang='lat' dir='ltr'><strong>instituisse</strong></span> <span class='ocrx_word' id='word_1_156' title='bbox 1049 2958 1256 3046; x_wconf 76' lang='lat' dir='ltr'><strong>existimat3</strong></span> <span class='ocrx_word' id='word_1_157' title='bbox 1296 2969 1340 3029; x_wconf 89' lang='lat' dir='ltr'><strong>ut</strong></span> 
     </span>
     <span class='ocr_line' id='line_1_24' title="bbox 271 3071 1339 3171; baseline 0.005 -27"><span class='ocrx_word' id='word_1_158' title='bbox 271 3071 452 3171; x_wconf 85' lang='lat' dir='ltr'><strong>quosdam</strong></span> <span class='ocrx_word' id='word_1_159' title='bbox 499 3077 605 3170; x_wconf 88' lang='lat' dir='ltr'><strong>quasi</strong></span> <span class='ocrx_word' id='word_1_160' title='bbox 647 3079 833 3149; x_wconf 84' lang='lat' dir='ltr'><strong>antistites</strong></span> <span class='ocrx_word' id='word_1_161' title='bbox 881 3073 1132 3170; x_wconf 84' lang='lat' dir='ltr'><strong>Cotyttiorum</strong></span> <span class='ocrx_word' id='word_1_162' title='bbox 1175 3077 1339 3171; x_wconf 83' lang='lat' dir='ltr'><strong>lingeret,</strong></span> 
     </span>
     <span class='ocr_line' id='line_1_25' title="bbox 271 3192 1339 3290; baseline 0.007 -28"><span class='ocrx_word' id='word_1_163' title='bbox 271 3198 334 3288; x_wconf 91' lang='lat' dir='ltr'><strong>qui</strong></span> <span class='ocrx_word' id='word_1_164' title='bbox 358 3192 455 3264; x_wconf 88' lang='lat' dir='ltr'><strong>inter</strong></span> <span class='ocrx_word' id='word_1_165' title='bbox 478 3195 607 3290; x_wconf 83' lang='lat' dir='ltr'><strong>varias</strong></span> <span class='ocrx_word' id='word_1_166' title='bbox 629 3197 860 3268; x_wconf 83' lang='lat' dir='ltr'><strong>cerimonias</strong></span> <span class='ocrx_word' id='word_1_167' title='bbox 880 3199 993 3269; x_wconf 81' lang='lat' dir='ltr'><strong>etiem</strong></span> <span class='ocrx_word' id='word_1_168' title='bbox 1018 3200 1166 3272; x_wconf 82' lang='lat' dir='ltr'><strong>sacris</strong></span> <span class='ocrx_word' id='word_1_169' title='bbox 1189 3206 1339 3269; x_wconf 87' lang='lat' dir='ltr'><strong>uteren-</strong></span> 
     </span>
     <span class='ocr_line' id='line_1_26' title="bbox 234 3298 1470 3413; baseline 0.009 -34"><span class='ocrx_word' id='word_1_170' title='bbox 234 3359 240 3366; x_wconf 87' lang='lat'><em>-</em></span> <span class='ocrx_word' id='word_1_171' title='bbox 272 3318 333 3380; x_wconf 87' lang='lat' dir='ltr'><strong>tur</strong></span> <span class='ocrx_word' id='word_1_172' title='bbox 356 3299 637 3408; x_wconf 34' lang='lat' dir='ltr'><strong>lotionibus*</strong></span> <span class='ocrx_word' id='word_1_173' title='bbox 657 3303 775 3412; x_wconf 84' lang='lat' dir='ltr'><strong>iisque</strong></span> <span class='ocrx_word' id='word_1_174' title='bbox 799 3317 923 3413; x_wconf 88' lang='lat' dir='ltr'><strong>ipsum</strong></span> <span class='ocrx_word' id='word_1_175' title='bbox 947 3307 1178 3391; x_wconf 85' lang='lat' dir='ltr'><strong>Alcibiadem</strong></span> <span class='ocrx_word' id='word_1_176' title='bbox 1203 3298 1339 3390; x_wconf 54' lang='lat' dir='ltr'><strong>lustra*</strong></span> <span class='ocrx_word' id='word_1_177' title='bbox 1469 3383 1470 3406; x_wconf 17' lang='lat' dir='ltr'><strong>p</strong></span> 
     </span>
     <span class='ocr_line' id='line_1_27' title="bbox 271 3417 1469 3550; baseline 0.008 -50"><span class='ocrx_word' id='word_1_178' title='bbox 271 3437 356 3501; x_wconf 86' lang='lat' dir='ltr'><strong>rent</strong></span> <span class='ocrx_word' id='word_1_179' title='bbox 387 3440 426 3500; x_wconf 88' lang='lat' dir='ltr'><strong>et</strong></span> <span class='ocrx_word' id='word_1_180' title='bbox 455 3442 604 3527; x_wconf 86' lang='lat' dir='ltr'><strong>peracta</strong></span> <span class='ocrx_word' id='word_1_181' title='bbox 635 3417 836 3506; x_wconf 78' lang='lat' dir='ltr'><strong>initiorum</strong></span> <span class='ocrx_word' id='word_1_182' title='bbox 853 3425 1055 3510; x_wconf 78' lang='lat' dir='ltr'><strong>cerimonia</strong></span> <span class='ocrx_word' id='word_1_183' title='bbox 1080 3440 1184 3509; x_wconf 91' lang='lat' dir='ltr'><strong>omni</strong></span> <span class='ocrx_word' id='word_1_184' title='bbox 1208 3439 1339 3534; x_wconf 89' lang='lat' dir='ltr'><strong>nequi-</strong></span> <span class='ocrx_word' id='word_1_185' title='bbox 1468 3475 1469 3550; x_wconf 48' lang='lat' dir='ltr'><strong>p</strong></span> 
     </span>
    </p>
   </div>
   <div class='ocr_carea' id='block_1_6' title="bbox 163 3550 1469 3775">
    <p class='ocr_par' dir='ltr' id='par_1_6' title="bbox 163 3550 1469 3775">
     <span class='ocr_line' id='line_1_28' title="bbox 163 3550 1469 3662; baseline 0.004 -41"><span class='ocrx_word' id='word_1_186' title='bbox 163 3655 167 3662; x_wconf 14' lang='grc' dir='ltr'><strong><em>ἡ</em></strong></span> <span class='ocrx_word' id='word_1_187' title='bbox 271 3550 348 3622; x_wconf 87' lang='lat' dir='ltr'><strong>tiae</strong></span> <span class='ocrx_word' id='word_1_188' title='bbox 378 3570 510 3644; x_wconf 81' lang='lat' dir='ltr'><strong>genere</strong></span> <span class='ocrx_word' id='word_1_189' title='bbox 547 3572 589 3623; x_wconf 88' lang='lat' dir='ltr'><strong>se</strong></span> <span class='ocrx_word' id='word_1_190' title='bbox 618 3554 861 3651; x_wconf 87' lang='lat' dir='ltr'><strong>inquinarent.</strong></span> <span class='ocrx_word' id='word_1_191' title='bbox 927 3556 988 3630; x_wconf 88' lang='lat' dir='ltr'><strong>De</strong></span> <span class='ocrx_word' id='word_1_192' title='bbox 1019 3557 1090 3629; x_wconf 83' lang='lat' dir='ltr'><strong>boo</strong></span> <span class='ocrx_word' id='word_1_193' title='bbox 1121 3558 1233 3652; x_wconf 89' lang='lat' dir='ltr'><strong>igitur</strong></span> <span class='ocrx_word' id='word_1_194' title='bbox 1265 3559 1337 3627; x_wconf 83' lang='lat' dir='ltr'><strong>erit</strong></span> <span class='ocrx_word' id='word_1_195' title='bbox 1468 3593 1469 3598; x_wconf 62' lang='lat'><em>=</em></span> 
     </span>
     <span class='ocr_line' id='line_1_29' title="bbox 271 3668 1468 3775; baseline 0.005 -34"><span class='ocrx_word' id='word_1_196' title='bbox 271 3668 365 3741; x_wconf 88' lang='lat' dir='ltr'><strong>mibi</strong></span> <span class='ocrx_word' id='word_1_197' title='bbox 410 3690 494 3743; x_wconf 89' lang='lat' dir='ltr'><strong>cum</strong></span> <span class='ocrx_word' id='word_1_198' title='bbox 539 3671 623 3743; x_wconf 85' lang='lat' dir='ltr'><strong>viro</strong></span> <span class='ocrx_word' id='word_1_199' title='bbox 661 3676 980 3769; x_wconf 85' lang='lat' dir='ltr'><strong>praestantissimo</strong></span> <span class='ocrx_word' id='word_1_200' title='bbox 1022 3698 1208 3775; x_wconf 85' lang='lat' dir='ltr'><strong>perparva</strong></span> <span class='ocrx_word' id='word_1_201' title='bbox 1249 3697 1334 3748; x_wconf 88' lang='lat' dir='ltr'><strong>eon·</strong></span> <span class='ocrx_word' id='word_1_202' title='bbox 1467 3741 1468 3748; x_wconf 75' lang='grc'>,</span> 
     </span>
    </p>
   </div>
   <div class='ocr_carea' id='block_1_7' title="bbox 205 3788 401 3874">
    <p class='ocr_par' dir='ltr' id='par_1_7' title="bbox 205 3788 401 3874">
     <span class='ocr_line' id='line_1_30' title="bbox 205 3788 401 3874; baseline 0 -15"><span class='ocrx_word' id='word_1_203' title='bbox 205 3865 211 3874; x_wconf 59' lang='grc'><strong>,</strong></span> <span class='ocrx_word' id='word_1_204' title='bbox 273 3788 401 3859; x_wconf 86' lang='lat' dir='ltr'><strong>tentio.</strong></span> 
     </span>
    </p>
   </div>
   <div class='ocr_carea' id='block_1_8' title="bbox 343 3937 1468 4049">
    <p class='ocr_par' dir='ltr' id='par_1_8' title="bbox 343 3937 1468 4049">
     <span class='ocr_line' id='line_1_31' title="bbox 343 3937 1468 4049; baseline -0.007 -10"><span class='ocrx_word' id='word_1_205' title='bbox 343 3970 382 4040; x_wconf 82' lang='lat'><strong>[⁶]</strong></span> <span class='ocrx_word' id='word_1_206' title='bbox 407 3937 1261 4049; x_wconf 56' lang='lat' dir='ltr'><strong>ffloeitnmmjeoemmaaanafflirsam</strong></span> <span class='ocrx_word' id='word_1_207' title='bbox 1277 3980 1334 4043; x_wconf 62' lang='lat' dir='ltr'><strong>aa,</strong></span> <span class='ocrx_word' id='word_1_208' title='bbox 1467 3979 1468 3982; x_wconf 60' lang='lat'>‘</span> 
     </span>
    </p>
   </div>
   <div class='ocr_carea' id='block_1_9' title="bbox 270 4042 809 4106">
    <p class='ocr_par' dir='ltr' id='par_1_9' title="bbox 270 4042 809 4106">
     <span class='ocr_line' id='line_1_32' title="bbox 270 4042 809 4106; baseline 0.007 -12"><span class='ocrx_word' id='word_1_209' title='bbox 270 4047 303 4094; x_wconf 81' lang='lat' dir='ltr'><strong>ut</strong></span> <span class='ocrx_word' id='word_1_210' title='bbox 316 4042 433 4095; x_wconf 80' lang='lat' dir='ltr'><strong>breviter</strong></span> <span class='ocrx_word' id='word_1_211' title='bbox 447 4045 546 4106; x_wconf 72' lang='lat' dir='ltr'><strong>(lietu,</strong></span> <span class='ocrx_word' id='word_1_212' title='bbox 568 4045 809 4101; x_wconf 77' lang='lat' dir='ltr'><strong>indemonstrabilis.</strong></span> 
     </span>
    </p>
   </div>
   <div class='ocr_carea' id='block_1_10' title="bbox 0 0 1495 4884">
    <p class='ocr_par' dir='ltr' id='par_1_10' title="bbox 0 0 1495 4884">
     <span class='ocr_line' id='line_1_33' title="bbox 0 0 1495 4884; baseline 0 0"><span class='ocrx_word' id='word_1_213' title='bbox 0 0 1495 4884; x_wconf 95' lang='lat' dir='ltr'><strong> </strong></span> 
     </span>
    </p>
   </div>
  </div>
 </body>
</html>
