2975 4884
518 278 827 337 zoururcn.
874 315 876 336 2
1125 263 1224 348 1033

157 449 217 513 tna
241 438 607 535 iniuriarum-quas
632 435 1038 516 addivitummensas
1056 435 1225 542 'pertule-

155 569 236 649 τοι,
276 581 427 634 summe¹
459 570 650 658 pertaesus
682 558 732 634 ad
770 560 988 636 saccularius
1020 564 1059 635 iu
1095 563 1226 639 Piraeo

156 681 313 754 unusne
329 680 536 770 'censuum
562 681 615 757 ἐπ’
641 680 820 785 §pyroum
843 683 1027 783 τρέψομαι
1051 685 1115 761 καὶ
1133 693 1227 763 Πει-

127 799 290 903 ,paride
324 802 554 901 βαδιοῦμαι,
597 801 645 877 τὰ
683 806 723 877 ἐκ
754 809 832 879 τῶν
865 812 963 881 νοῶν
994 803 1131 907 φορτία
1166 807 1227 884 ἐπὶ

158 922 228 1007 τὰς
254 920 451 1019 ἀποθήκας
475 925 620 1021 μισθοῦ
644 920 870 1020 μετατιθείς,
897 925 961 1019 qui
981 922 1227 999 locus-neseio

158 1043 210 1115 an'
232 1063 281 1114 ex
305 1042 428 1140 aliquo
455 1038 689 1114 Comieorum
714 1061 909 1139 expressus
934 1044 983 1116 sit
1007 1044 1162 1141 perinde
1186 1057 1229 1119 ut
1252 1059 1256 1070 ‘

154 1161 223 1234 ilie
248 1160 370 1235 Plauti
394 1164 435 1235 in
461 1158 567 1260 Capt.
592 1161 621 1233 L
655 1161 687 1233 l.
713 1162 775 1235 20.
808 1161 873 1235 ubi
898 1162 1086 1259 Ergasilus
1119 1188 1228 1264 para·-

157 1283 254 1356 aitus
280 1280 328 1355 de
353 1283 539 1378 angustiis·
556 1282 635 1354 suis
660 1283 843 1376 queritur:

204 1473 244 1533 Et
264 1473 312 1533 hic
334 1475 449 1553 quidem
468 1474 565 1533 hercle
586 1474 645 1530 nisi
666 1474 716 1551 qui
737 1473 875 1552 colophon
894 1478 1007 1555 perpeti

125 1583 128 1588 ⁴
203 1578 280 1652 potis
302 1580 447 1653 parasitus
469 1577 622 1656 frangique
645 1578 726 1634 aulea
747 1579 780 1635 in
802 1588 902 1656 eaput,

203 1680 251 1736 vel
272 1690 356 1738 extra
375 1673 520 1757 portam
541 1667 803 1757 Trigeminam
818 1680 860 1738 ad
882 1700 1027 1742 saecum
1047 1682 1187 1764 nieuw]

204 1782 279 1859 quod
300 1781 429 1842 mihine
451 1780 584 1853 eveniat,
611 1782 783 1838 nonnullum
804 1792 849 1839 eat
869 1786 1034 1862 perieulum.

161 1949 259 2023 lnud
284 1974 397 2047 genus
422 1951 616 2023 hominum
646 1949 787 2021 Romae
812 1972 956 2048 quoque
981 1955 1140 2047 agitasse
1160 1956 1231 2028 Fe·

161 2082 242 2143 stus
277 2082 434 2144 testatur
458 2093 496 2166 p.
522 2068 583 2141 37.
635 2067 868 2159 Arilator,
894 2073 970 2167 qui
995 2072 1136 2144 etiam
1161 2095 1233 2145 eo-

162 2191 236 2261 cio
270 2190 527 2287 apellatur,
563 2211 587 2261 a
620 2210 786 2283 graeco
820 2191 943 2291 αἶρε,
976 2194 1055 2288 qui
1085 2192 1234 2291 sequi·

163 2321 238 2380 tur
279 2319 469 2399 meroes,
513 2329 565 2381 ex
606 2308 920 2410 quibuaquid
960 2309 1129 2385 cadens
1162 2311 1235 2386 lu·

164 2428 463 2530 eeliipossit
495 2428 676 2501 toliere.
735 2427 812 2502 Sed
844 2433 997 2529 proprie
1030 2443 1068 2505 et
1098 2434 1235 2528 signifi·

165 2560 289 2622 canter
320 2552 360 2624 hi
391 2550 675 2624 saeculariorum
709 2552 866 2649 parasiti
889 2552 1128 2655 καψικίδαλοι
1153 2557 1235 2655 sive

166 2672 444 2774 ε’γκαψικίδαλοι
482 2672 718 2743 nominantur
757 2693 780 2744 a
818 2671 942 2746 verbo
972 2671 1165 2777 ἓγκοίπταν
1197 2685 1235 2746 et

164 2790 329 2869 κίδαλον.
391 2791 462 2865 ΙΙΙο
501 2789 705 2888 Aleiphron
742 2794 861 2863 utitur
905 2794 944 2864 in
993 2791 1233 2865 describendo

167 2905 374 3009 pauperum
411 2913 513 2985 victu
546 2910 610 2982 ΠΙ.
649 2908 719 3007 Ep.
755 2910 816 2983 60.
850 2918 901 2996 εἰς
932 2913 1124 3012 τοῦδαφος
1158 2918 1235 2990 ἐπι-

166 3027 366 3117 κύπτοντες
406 3031 426 3107 ὅ
469 3030 540 3131 μὲν
579 3029 732 3130 φλοιοὺς
774 3034 932 3129 θερμδι
977 3033 1146 3132 ἀνῃρεῖτο
1156 3089 1169 3123 ,
1212 3034 1233 3110 ὁ

168 3148 211 3260 δὲ
250 3151 298 3228 τὰ
339 3154 473 3251 ἔλυτρα
518 3159 597 3227 τῶν
640 3145 814 3246 καρύων,
864 3149 885 3226 ὃ
929 3149 971 3227 δὲ
1012 3161 1090 3229 τῶν
1122 3160 1235 3251 ῥοιῶν

167 3269 215 3345 τὰ
251 3270 472 3371 περικάρπια
505 3271 736 3374 οἷπὲγλυφεν,
784 3274 820 3344 εἴ
854 3299 928 3347 που
969 3301 1007 3349 τι
1038 3282 1117 3351 τῶν
1147 3271 1234 3352 κόκ-
1345 3359 1348 3366 ,

168 3418 249 3467 κων
291 3389 562 3491 ἐπιδράξασθαι
601 3389 800 3485 δυνηθείη·
849 3394 885 3467 οἱ
923 3389 965 3469 δὲ
1007 3393 1071 3469 καὶ
1111 3396 1161 3471 roi
1195 3399 1236 3471 ir

230 3611 298 3699 [⁴²]
323 3631 519 3685 Mendicitatem
542 3628 652 3682 indicari
675 3633 783 3698 putant3
808 3627 854 3681 aed
870 3628 999 3683 mendieos
1015 3631 1043 3684 in
1060 3636 1139 3701 ponte
1156 3637 1183 3685 et
1200 3633 1234 3686 ad

172 3697 266 3752 clivum
283 3700 414 3755 Aricinum
430 3702 546 3755 novimus
562 3706 696 3769 quaestum
714 3717 787 3752 auum
804 3699 941 3764 habuisse3
958 3701 1002 3754 ille
1014 3702 1086 3755 iocus
1101 3711 1161 3755 ante
1174 3719 1235 3771 por·

171 3774 225 3822 tam
244 3771 435 3857 Trigeminam,
460 3771 600 3856 Empprio‚
621 3769 769 3823 Navalibua
786 3777 813 3823 et
831 3769 927 3854 Soiinia
944 3772 1081 3840 contiguae
1098 3773 1184 3858 reneio
1202 3791 1236 3827 an

170 3841 732 3912 u
749 3840 1159 3983 rainu
1175 3862 1234 3971 u:

173 3980 687 4115 ξοιιξιζὲιιν,ν1ἰῆαιὲεῖι43ἑπόμενον’μετὰ
698 3977 841 4051 θυλάκου,
867 3989 896 4036 ut
917 3983 1035 4039 emendat
1052 3984 1184 4056 Gemetua
1201 3986 1235 4040 ud

201 4069 244 4105 um
277 4092 284 4104 .
368 4097 375 4112 .
413 4098 420 4112 .
475 4098 481 4109 .
