2975 4884
547 271 818 339 ouinror.
969 196 972 202 Ι
1114 261 1210 344 lost

151 463 237 526 run
261 440 447 524 licentiam
472 435 572 523 male
596 433 785 512 audivisse
816 457 933 534 eoque
966 445 1109 512 motum
1134 459 1214 516 esee

151 572 370 661 poetemut
393 555 624 643 Alcibiadem
653 558 727 630 ritu
754 547 997 638 Corinthiaco
1013 558 1214 632 cornican-

152 693 234 756 tem
247 680 459 756 induceret
515 676 691 771 Phrygias
721 694 814 750 vero
844 674 1039 769 religiones
1071 677 1111 750 in
1144 677 1214 752 hac

152 802 244 878 urbe
270 787 430 896 viguisse
462 797 721 872 documentum
747 793 900 891 praebet
923 794 1129 888 Dionysius
1155 807 1214 890 ty-

152 942 322 1011 rannus,
343 921 407 1017 qui
438 916 492 990 ibi
524 916 681 1014 turpiter
713 913 945 990 consenuisse
978 913 1111 990 dicitur
1142 944 1216 1014 pop,
1274 1007 1276 1010 Ι

29 1065 37 1092 ’
152 1049 376 1148 τραγνρτῶν
420 1038 485 1126 καὶ
524 1030 909 1135 τυμπανοφρούμενος
953 1031 1085 1106 Athen.
1130 1032 1214 1110 ΧΠ.

154 1159 242 1237 541.
268 1160 312 1231 Ε.
336 1160 417 1234 sive
442 1168 485 1230 ut
508 1155 684 1229 Aelianus
709 1152 848 1242 scribit,
873 1150 1050 1251 τύμπανα
1066 1150 1214 1253 κρούων

154 1280 218 1357 καὶ
241 1272 556 1375 καταυλούμενος,
590 1295 663 1370 quo
688 1271 803 1348 verbo
836 1274 877 1346 in
910 1257 1037 1349 eadem
1069 1295 1111 1350 re
1142 1274 1214 1348 uti.
1313 1302 1315 1308 -

11 1393 12 1432 l
153 1409 216 1472 tur
239 1398 442 1508 Dionysius
467 1394 553 1469 Hal.
578 1392 680 1478 Antt.
697 1392 744 1465 ΙΙ.
771 1390 828 1464 16.
855 1388 942 1482 275.
961 1389 1214 1492 κατανλούμε-
1314 1408 1317 1414 ’

155 1547 217 1597 noc
233 1518 332 1619 ,πρὸς
355 1526 435 1595 τῶν
459 1514 649 1614 ἑπομένων
671 1511 721 1588 τὰ
745 1520 901 1611 μητρῷα
925 1512 1014 1609 μέλη
1040 1511 1104 1588 καὶ
1118 1509 1214 1612 τύμ-

154 1665 257 1715 πανα
281 1633 488 1737 κρούοντες.
527 1632 781 1717 Haecautem
805 1629 951 1727 plebeja
975 1652 1078 1704 sacre
1102 1651 1216 1730 qutun

154 1756 289 1853 ubique
313 1755 515 1852 plurimum
539 1751 709 1825 licentiae
732 1748 945 1837 habuerint,
981 1760 1060 1822 turn
1085 1753 1125 1824 in
1148 1753 1216 1825 illa

156 1875 355 1958 carismum
371 1886 410 1947 et
424 1871 702 1947 lenunculorum
718 1868 928 1965 metropoli,
954 1863 1129 1942 Corintho
1145 1867 1215 1968 [²¹],
1315 1915 1317 1926 ι

155 1997 236 2069 sine
274 1992 388 2066 (lubio
429 1991 600 2064 maximis
646 1987 808 2061 obnoxia
847 1986 951 2059 fuere
989 1989 1214 2083 corruptelis.

156 2111 250 2203 Quis
275 2114 376 2184 enim
401 2110 578 2184 Graeciae
602 2109 705 2181 locus
722 2106 965 2203 opportunior
988 2106 1046 2178 his
1068 2105 1215 2201 flagitiis

157 2255 267 2331 quam
292 2230 380 2303 urbs
406 2227 523 2317 dives,
548 2228 729 2324 frequens,
755 2245 943 2322 pronaque
967 2226 1008 2298 in
1033 2226 1215 2302 luxuriem
1291 2237 1299 2248 '

92 2418 98 2431 ,
156 2362 196 2423 et
228 2348 407 2422 illecebris
441 2325 561 2424 bmrris
600 2345 833 2450 amoenitatis
864 2345 1069 2418 maritimae
1104 2356 1216 2420 terre·

155 2472 312 2566 strisque
336 2468 493 2542 refertal
544 2464 635 2557 Quis
659 2487 786 2563 porro,
812 2465 846 2536 si
863 2464 1065 2562 Baptarum
1087 2466 1214 2565 Eupo·

159 2589 340 2686 lineorum
380 2573 537 2682 ommes
584 2586 828 2684 anquirimus‚
875 2584 925 2658 ad
968 2586 1216 2683 suspicionem

158 2707 343 2807 apertiori
392 2707 556 2780 Primum
587 2716 719 2779 notum
751 2715 824 2792 est,
856 2715 958 2777 actae
991 2715 1029 2776 et
1060 2697 1217 2782 amoena
1350 2786 1354 2793 ,

157 2828 319 2901 litoralia
346 2837 499 2924 quantas
531 2824 767 2920 praebuerint
796 2821 846 2896 ad
877 2821 1147 2898 libidinandum
1179 2836 1217 2898 et

157 2945 395 3021 helluandum
421 2944 732 3041 opportunitatem
764 2940 864 3012 unde
894 2942 1032 3015 sacurm
1065 2955 1139 3032 est,
1174 2956 1217 3017 ut

157 3067 240 3140 loca
271 3064 529 3162 voluptuaria,
560 3061 630 3134 etsi
668 3058 716 3131 ab
741 3059 817 3130 oris
842 3062 1038 3133 maritimis
1062 3074 1216 3154 remota,

158 3196 290 3259 actae
315 3183 520 3258 dicerenmr
539 3191 577 3253 et
596 3179 682 3252 hinc
702 3177 910 3252 derivatum
924 3180 1077 3254 verbum
1102 3180 1218 3260 ἀκτά-

159 3289 245 3398 ζοιν
268 3302 316 3377 de
345 3304 393 3377 iis
419 3301 545 3401 quiin
571 3298 710 3372 deliciis
735 3296 973 3397 mollitiisque
997 3301 1130 3377 vivunt
1146 3298 1215 3401 [Ἴ.
1342 3284 1345 3292 ’

232 3524 287 3594 [²¹]
312 3522 428 3608 Heeycb.
452 3516 687 3643 Κοῗένθιάζεσθαι,
702 3514 916 3593 praeponebam,
935 3479 1093 3607 ἑτοιρερειν·
1115 3525 1143 3575 et
1158 3521 1217 3605 plu-

161 3612 220 3663 ree,
243 3611 309 3664 quoe
328 3597 441 3646 nominat
461 3592 499 3645 Po
519 3599 562 3644 tm
585 3589 618 3641 ed
641 3588 717 3641 nuit.
740 3606 767 3658 p.
790 3588 850 3641 610.
884 3588 959 3643 Haec
981 3597 1047 3645 vrtrc
1070 3591 1217 3646 commum

161 3664 329 3735 erepublica
347 3661 537 3717 Corinthiorum
552 3661 696 3715 (letemur
712 3658 809 3714 Paulus
828 3658 895 3712 inl.
919 3660 953 3714 ad
975 3660 1037 3715 Gor.
1054 3660 1107 3732 Ep.
1125 3661 1171 3714 VI.
1188 3660 1215 3716 9.

234 3769 276 3836 [²²
314 3768 355 3822 De
371 3768 421 3821 hoc
437 3766 558 3822 dixerunt
574 3764 742 3816 cmaubonm
758 3763 793 3815 ad
808 3763 883 3817 Suet.
900 3763 995 3817 Oetae.
1018 3782 1043 3818 c.
1066 3763 1110 3818 72.
1133 3772 1162 3820 et
1181 3765 1217 3820 acl

163 3838 259 3892 Atben.
329 3855 380 3891 .c.
397 3834 424 3890 ⁵.
458 3835 597 3889 Burmann.
621 3833 655 3885 cc
679 3833 789 3896 Quintil.
812 3833 877 3887 Imt.
900 3850 927 3903 p.
949 3832 1010 3887 622.
1045 3834 1155 3890 Pontan.
1179 3837 1215 3892 acl

164 3907 284 3962 Macrob.
307 3908 365 3966 Sat.
393 3907 429 3960 ΙΙ.
455 3904 497 3959 12.
521 3904 583 3958 892.
606 3910 635 3956 et
657 3904 766 3957 omnium
788 3903 979 3957 emmonim
1002 3903 1073 3959 docti
1094 3905 1156 3960 Itali
1182 3906 1217 3961 acl

163 3978 294 4031 Pittnre
316 3977 349 4030 di
371 3975 543 4030 Ercolano
563 3975 598 4027 Τ.
618 3974 650 4027 V.
673 3990 700 4042 p.
716 3972 778 4026 886.
803 3973 847 4042 qui
866 3973 912 4026 vix
928 3972 1087 4043 spicilegium
1103 3974 1217 4045 relique-

162 4040 1053 4104 nnuukucmmuccnoeccmtiinbtrncclucmi
1077 4044 1152 4099 181⁸.
1178 4046 1214 4100 N.
