2975 4884
552 279 826 334 onrurcr.
971 358 974 371 Ι
1147 263 1223 337 869

153 445 231 512 τῶν·
256 439 471 535 εἰρημένων.
530 434 614 526 Huc
640 456 730 507 vero
759 434 869 509 etiam
895 437 1086 509 nominum
1112 437 1224 538 perti·

150 568 215 626 not
262 555 517 652 interpretatio
565 552 779 647 allegorica,
827 556 957 650 priscis
996 553 1223 651 sapientibus

151 674 278 747 crebro
320 672 505 763 adhibita,
544 674 607 769 qui
646 673 738 746 mihi
778 675 819 746 in
857 674 928 747 hoc
966 677 1114 769 negotio
1148 696 1222 748 non

149 796 411 889 grammaticos
446 793 585 888 agere‚'
616 791 683 864 sed
716 793 778 864 vel
811 793 970 891 aliquam
1003 795 1220 868 sententiam
1257 822 1260 829 ·

150 917 242 987 scitu
285 915 424 987 utilem
453 914 614 986 nominis
653 910 909 990 similitudine.
934 915 1120 988 illustrare
1158 912 1222 988 vel

149 1035 230 1108 vim
265 1046 302 1107 et
335 1034 636 1129 significationem
671 1030 936 1108 vocabulorum
961 1033 1220 1133 notabiliorem

148 1153 305 1226 reddere
332 1155 494 1228 voluIsse
519 1151 703 1228 videntur.
729 1151 828 1226 Sane
852 1156 907 1227 ita
931 1152 964 1226 J.
992 1148 1217 1252 CapellusP]

149 1287 293 1348 veteres
314 1275 409 1369 juris
436 1257 622 1348 consultos
648 1285 800 1346 excusat
819 1287 1025 1348 mutuum
1039 1277 1219 1370 interpre-

149 1404 290 1484 tantes,
325 1393 423 1490 quod
457 1400 503 1468 'ex
536 1415 622 1465 meo
648 1405 753 1466 tuum
779 1396 860 1485 liat,
887 1404 1217 1469 testamentum

117 1526 273 1589 ·autem
300 1514 535 1586 testationem
563 1516 718 1603 mentis,
752 1536 828 1588 non
853 1514 952 1611 quod
979 1538 1060 1589 eam
1087 1512 1217 1588 verbo

148 1659 232 1708 rum
266 1636 444 1729 originem
477 1656 558 1707 osse
589 1646 785 1731 putarent,
819 1634 886 1708 sed
918 1647 959 1709 ut
984 1636 1216 1732 significatio-

148 1779 232 1827 nem
270 1777 398 1827 eorum
425 1755 536 1827 altirm
561 1757 601 1825 in
626 1754 826 1848 legentium
851 1756 985 1827 animis
1009 1753 1216 1850 defigerent.

150 1875 399 1971 Similiterque
418 1872 669 1945 ecclesiastici
699 1870 852 1968 quidam
886 1881 1072 1963 auctores,
1105 1895 1217 1969 quum

148 2018 282 2069 nomen
316 1993 457 2068 Pascha
489 2015 512 2065 a
545 2014 673 2086 graeco
707 1989 822 2065 verbo
856 1989 1011 2088 πάσχειν
1034 2002 1218 2089 repetunt,

147 2139 222 2189 non
248 2138 316 2213 per
340 2113 588 2209 ignorantiam
614 2112 711 2207 lapsi
736 2109 803 2192 sed
823 2109 1015 2184 allucionis
1029 2109 1216 2210 quandam

145 2238 301 2331 gratiam
338 2234 514 2329 aucupati
547 2229 721 2306 videntur
732 2233 787 2326 [Ἴ.
838 2230 909 2305 Hir
935 2253 1148 2327 comparare
1173 2231 1217 2303 li·

144 2367 205 2429 cet
238 2353 553 2448 Pythagoreorum
588 2352 769 2424 rationem
801 2353 863 2448 qui
895 2351 1050 2445 lathyris
1077 2364 1114 2425 et
1140 2375 1217 2424 ere·
1247 2429 1250 2439 s

146 2476 286 2553 hiuthis
317 2474 404 2547 ideo
439 2495 479 2546 se
512 2470 696 2545 abstinere
735 2469 923 2560 dIcebant‚
964 2470 1064 2568 quod
1096 2484 1218 2546 essent

147 2595 269 2693 λήθης
303 2596 367 2670 καὶ
405 2595 556 2692 ἐρέβους
596 2566 809 2691 heumanno
852 2589 1034 2705 Plutarch
1067 2588 1217 2681 Quaest·

146 2716 251 2791 Rom.
277 2711 390 2789 XCV.
416 2712 502 2786 uuo.
529 2711 571 2784 Τ.
597 2710 695 2784 VIII.
745 2711 796 2784 Et
826 2723 951 2809 potest
976 2712 1102 2808 quaeri
1126 2732 1217 2783 num

147 2836 222 2924 illi,
266 2836 329 2930 qni
366 2832 546 2933 θυμίαμα
577 2833 813 2930 interpretati
843 2842 930 2904 sunt
959 2837 1092 2931 θυμοῦ
1123 2836 1216 2928 ἴαμα

148 2954 306 3053 (Etym.)
347 2951 584 3051 σολοικισμόν
624 2972 716 3026 vero
759 2949 848 3028 σόουΙ
889 2949 1001 3054 λόγου
1043 2948 1217 3048 αἰκισμόν

147 3073 287 3173 (Suid.)
319 3084 358 3144 et
380 3069 511 3172 μύρα,
544 3072 633 3167 quie
657 3070 753 3171 μετὰ
778 3079 915 3147 πολλοῦ
940 3069 1061 3171 μόρου
1086 3092 1217 3167 paren·

148 3190 284 3291 tur[⁴],
312 3191 411 3264 dicta
426 3200 615 3291 putarunt,
633 3190 803 3262 'notionis
828 3191 954 3288 potius
979 3212 1088 3289 quam
1114 3189 1219 3265 verbi
1246 3246 1255 3255 .

13 3384 15 3405 ,
148 3317 229 3387 viur
262 3313 444 3410 eprIcare
474 3311 672 3384 voluerint.
733 3308 915 3407 Equidem
943 3321 1040 3384 certe
1066 3312 1134 3384 hoc
1160 3310 1227 3383 to?

149 3445 231 3505 turn
265 3433 518 3527 origInationis
549 3452 662 3524 genus
697 3430 839 3526 perlate
863 3434 1029 3528 patuisse
1054 3431 1215 3505 invenio.

223 3636 269 3706 [b]
294 3655 319 3690 v.
338 3637 450 3691 Ducher.
469 3637 580 3689 Observ.
600 3636 632 3688 dc
649 3636 728 3690 Ictor.
744 3636 831 3689 Latin.
851 3655 877 3708 p.
895 3637 938 3690 27.

149 3812 177 3865 Τ
205 3741 269 3862 lqe]
294 3742 449 3862 {Augusti
465 3740 669 3810 Denkwitrdigh
695 3758 743 3794 aur
767 3741 815 3793 der
838 3741 1003 3794 christlichen
1029 3738 1216 3808 Archaeologie
1289 3820 1291 3824 r

179 3853 185 3863 .
234 3830 283 3880 .p.
320 3849 326 3860 .

224 3912 268 3984 [d]
296 3915 435 3985 Chrysipp.
453 3932 496 3986 ap.
515 3915 608 3967 Athen.
627 3914 807 3968 ituatur.
831 3914 978 3983 Ineptarum
995 3915 1217 3983 etymologiarum,

150 3987 244 4056 quibua
271 3985 360 4038 referti
386 3992 444 4049 sont
467 3985 698 4038 Grammaticorum
722 3985 795 4049 libri,
821 4001 938 4053 maguam
961 3991 1059 4053 partem
1082 4002 1098 4038 a
1122 3984 1236 4038 Stoicis·

150 4058 294 4126 proiectam
312 4073 368 4108 esse
387 4056 438 4109 alio
456 4056 513 4109 loco
531 4056 667 4109 ostendere
684 4057 805 4109 conabor
