2975 4884
571 199 843 253 onru1el.
1166 188 1242 265 983

170 355 231 428 IV.
261 352 293 429 1.
320 375 414 450 quac
441 349 563 425 Cauco
590 349 741 429 Celaeni
768 353 829 427 vel
855 350 952 429 cuni
976 356 1094 444 uuus,
1133 359 1241 453 Phlyi

167 478 299 573 nepos,
324 474 499 557 Eleusine
525 495 572 549 co
598 473 733 561 attulit,
759 475 854 549 sicut
879 490 1005 551 rursus
1028 491 1242 574 expugnata

167 595 354 671 Messenia
394 593 607 669 Eleusinem
652 592 790 667 abeunt
830 598 866 671 οἱ
897 605 965 672 τοῦ
997 598 1128 700 γένους
1163 592 1240 677 cciv

168 717 296 816 ἱερέων
321 717 385 792 καὶ
410 719 519 799 θεαῖς
544 722 626 799 ταῖς
650 710 828 817 μεγάλαις
850 724 1042 801 τελοῦντες
1060 719 1107 795 τὰ
1130 722 1240 824 ὄργια

166 835 229 909 Ν.
248 835 307 909 14„
325 833 544 932 quibuscum
569 853 644 909 una
671 832 860 909 colebatur
877 832 1000 915 Cauco
1016 836 1077 908 l·V.
1093 840 1153 911 27.
1179 841 1239 915 ln-

166 954 294 1032 didem
320 977 410 1030 vero
438 955 550 1028 etiam
575 955 647 1028 fuit
667 953 877 1054 Melanthus
896 952 1124 1032 Cauconides
1139 959 1238 1054 Thy·
1374 1022 1377 1027 .

164 1087 312 1151 moetae
336 1077 377 1149 in
401 1075 559 1172 imperio
585 1097 793 1162 successor,
826 1079 890 1173 qui
924 1098 1006 1151 cum
1037 1079 1119 1153 aliis
1146 1103 1238 1155 exu-
1374 1090 1377 1101 '

166 1195 262 1269 libus
288 1197 451 1293 primum
477 1194 652 1269 Eleusine
678 1194 846 1275 consedit
873 1196 1006 1271 Athen.
1031 1199 1093 1270 Ill.
1118 1201 1178 1274 96.
1193 1203 1236 1277 Ε.

164 1328 245 1389 tum
276 1305 421 1389 sacrum
453 1313 663 1413 Apaturibn
694 1315 839 1390 Baccho
873 1316 1124 1393 Melanthidae
1156 1319 1237 1392 sive

164 1434 410 1535 Melanaegidi
466 1438 672 1528 comtitnit5
734 1460 807 1534 quo
856 1440 889 1509 si
938 1437 1114 1513 accedant
1161 1438 1237 1511 alia

164 1557 321 1631 clariora
358 1554 496 1627 indicia
531 1554 752 1654 (dummodo
784 1580 832 1633 ne
865 1560 1124 1653 etymologica)
1159 1557 1236 1630 for-

163 1688 262 1749 tasse
287 1673 428 1771 aliquid
459 1674 506 1746 de
539 1697 727 1747 sacrorum
761 1677 1035 1751 Eleusiniornm
1069 1687 1107 1750 et
1138 1678 1235 1750 Mes-

13 1810 14 1841 *
161 1797 357 1869 seniorum
377 1796 595 1888 cognatione
621 1796 802 1890 suspicari
817 1782 962 1873 licebit.
989 1795 1095 1869 Nunc
1110 1808 1149 1868 et
1163 1799 1234 1869 hoc

163 1912 281 1986 doctis
317 1915 465 1997 harum*
481 1934 606 2021 rernm
631 1911 930 1987 aestimatoribus
956 1912 1233 1989 deliberandum

132 2050 133 2053 ’
160 2055 333 2131 propono
359 2044 397 2105 et
421 2034 492 2113 illa
511 2031 721 2107 Alimontia
746 2035 944 2125 mysteria,
977 2055 1134 2127 quorum
1166 2055 1234 2115 no-

11 2154 12 2191 ³
159 2176 248 2227 men
273 2154 395 2227 solum
419 2176 488 2250 per
514 2149 744 2228 Clementem
776 2163 814 2224 et
839 2150 1047 2225 Arnoblum
1067 2155 1232 2241 enotuit,

157 2283 290 2349 auctor
316 2284 441 2347 autern
467 2283 505 2344 et
530 2286 788 2367 argumentum
819 2274 859 2344 in
891 2273 1032 2345 incerto
1065 2272 1232 2363 habetur,

158 2393 235 2465 nisi
260 2391 360 2488 quod
376 2394 606 2467 Alimontios
630 2394 713 2467 sive
738 2391 970 2465 Halimusios
996 2401 1034 2464 et
1051 2394 1232 2490 templum
1345 2376 1354 2389 ³

161 2508 306 2585 Cereris
333 2512 561 2610 Liberaeque
587 2510 762 2587 habuisse
786 2512 894 2585 Paus.
910 2514 938 2585 I.
966 2512 1026 2585 31.
1054 2526 1090 2586 et
1111 2513 1231 2587 Leon-

160 2632 230 2709 ciui
259 2631 373 2708 tribui
405 2630 611 2730 adscriptos
637 2632 754 2704 fuisse
780 2634 915 2707 scimus
940 2655 964 2704 a
988 2633 1064 2707 Leo
1093 2633 1232 2731 Orphei

160 2753 239 2827 suc
254 2752 536 2841 denominatae,
560 2755 664 2847 cujus
678 2754 797 2827 tribus
805 2753 1071 2827 Themistocles
1085 2774 1231 2849 quoque

161 2884 253 2963 erat,
279 2876 342 2970 qui
366 2872 661 2967 Lycomedarum
687 2876 889 2949 sacrarium
915 2874 1109 2946 exornavit
1135 2874 1230 2966 ejus-

162 3015 232 3090 que
259 2992 534 3080 famulaeque,
560 2991 659 3065 rrnde
684 2989 858 3064 Daduchi
884 2994 1020 3087 plures.
1123 3056 1127 3063 .

529 3222 876 3242 -—-·*·---······-··s

234 3455 935 3575 ner-unrnuru
1006 3459 1159 3556 vn.
1225 3403 1275 3487 Ὗ

89 3626 96 3637 ·
298 3630 364 3729 far
393 3639 427 3704 r.
451 3639 475 3704 1.
504 3636 540 3704 c.
562 3636 628 3741 ur.
658 3636 696 3703 u.
722 3636 916 3705 xxxrv.
951 3654 1027 3706 not.
1051 3664 1079 3725 q.

231 3794 236 3809 ¹
265 3827 326 3902 Ad
352 3829 667 3902 confirmationem
701 3826 884 3900 dictorum
910 3829 967 3899 hic
992 3827 1143 3903 brevem
1170 3851 1230 3903 ex·

166 3947 301 4022 hibebo
328 3947 562 4051 Hymnorum
590 3946 851 4021 Harmoniam:
