2975 4884
295 246 394 321 1334
479 302 484 337 ,
654 261 795 314 clena
825 261 1042 316 rsnrros.

290 429 413 521 appar
430 442 467 514 p.
488 394 571 490 1034.
594 415 652 489 15.
678 417 814 515 qoasl
837 414 1028 521 Hermes
1053 419 1139 492 ille
1164 443 1189 493 a
1212 423 1356 515 majo-

289 541 422 614 ribus
447 533 710 611 Andocidis
736 548 862 610 esset
893 551 1196 614 consecratos
1222 565 1356 637 quem

289 669 476 735 constat
500 657 649 730 fuisse
674 653 916 730 donarium
941 658 1356 755 tribusAegeidos.

288 781 425 853 Verum
450 777 535 855 θεοὶ
558 784 747 876 πατρῷοι,
772 786 920 872 praeter
942 778 1040 875 illos,
1066 801 1222 874 quorum
1247 802 1356 853 sacra

288 901 422 998 aliquis
451 900 493 970 in
525 898 601 969 sois
634 894 798 993 praediis
832 897 976 969 colebat
1006 920 1031 970 a
1063 900 1266 994 majoribus
1293 924 1354 973 ac-

288 1031 413 1118 cepta,
445 1004 526 1092 sine
551 1014 675 1089 ‘dubio
710 1018 824 1088 etiam
856 1019 1037 1090 nominati
1069 1031 1156 1092 sunt
1185 1019 1353 1115 ejusdem

285 1140 423 1239 phylao
456 1149 495 1210 et
527 1137 714 1235 phratriae
747 1135 801 1207 dii
832 1148 871 1208 et
903 1140 967 1234 qui
998 1137 1045 1210 ab
1078 1140 1162 1212 aliis
1200 1137 1354 1235 quidem

285 1260 351 1334 sed
375 1261 416 1330 in
440 1260 612 1355 proximo
637 1257 840 1330 consecrati
864 1268 1016 1354 propter
1033 1259 1156 1356 ipsam
1175 1261 1355 1333 viciniam

283 1382 440 1455 solemni
463 1378 628 1452 familiae
652 1377 860 1449 ministerio
887 1367 1100 1450 colebantur
1124 1381 1263 1475 pariter
1285 1379 1354 1450 do-

285 1502 456 1575 mesticis.
515 1498 575 1573 De
608 1496 768 1571 Pindaro
793 1507 921 1568 narrat
945 1495 1110 1571 Thomas
1134 1500 1175 1570 in
1199 1499 1287 1571 Vita
1310 1523 1353 1596 p.

287 1617 371 1693 155.
411 1615 568 1719 κατῴκει
599 1619 667 1703 τὰς
703 1615 828 1716 Θήβας
860 1618 1018 1713 πλησίον
1048 1628 1118 1695 τοῦ
1151 1621 1251 1719 ἱεροῦ
1281 1629 1353 1715 τῆς
1473 1634 1475 1639 ’

277 1742 379 1826 Ῥέας
402 1742 476 1838 τὴν,
491 1739 630 1818 αἰτίαν
656 1737 764 1839 ἐτίμα
785 1736 827 1814 δὲ
846 1739 916 1833 τὴν
934 1738 1029 1816 θεὸν
1048 1736 1208 1839 σφόδρα.
1235 1761 1352 1836 quam

282 1862 497 1957 religionem
521 1861 554 1933 si
580 1859 722 1956 posteri
747 1859 827 1965 eJos
851 1859 1093 1947 retinuerunt,
1117 1879 1194 1933 non
1218 1858 1350 1933 dubito

121 2049 126 2059 .
281 1983 369 2078 quin
403 1980 512 2053 deam
543 1978 649 2053 illam
680 1977 753 2049 sihi
785 1976 965 2078 πατρῴαν
999 1976 1120 2049 dicere
1145 1982 1350 2078 potuerint,

281 2101 452 2174 similiter
490 2111 533 2171 ut
572 2095 781 2171 Andocides
820 2095 1064 2205 Mercurium,
1117 2119 1224 2194 quem
1264 2102 1349 2194 ipse

280 2222 382 2322 παρὰ
428 2216 609 2320 πατρῴαν
652 2215 774 2295 οὶκίαν
814 2215 1033 2290 collocatum
1071 2239 1152 2290 esse
1191 2227 1347 2290 testatur

278 2342 339 2414 De
362 2349 473 2433 myst.
500 2362 537 2437 p.
563 2340 599 2414 9.
626 2337 814 2413 Socratem
840 2348 982 2426 autem,
1008 2339 1071 2436 qui
1095 2338 1169 2411 sihi
1191 2338 1347 2438 βωμοὺς
1443 2374 1447 2379 “
1474 2410 1475 2415 .

279 2462 344 2537 καὶ
377 2461 459 2561 ἱεραὶ
492 2465 608 2534 οἰκεῖα
640 2460 705 2534 καὶ
735 2466 891 2558 πατρῴα
926 2472 1005 2533 osso
1038 2457 1228 2554 praedicat
1252 2458 1347 2532 Plat.

278 2577 442 2670 Euthyd.
466 2602 503 2676 p.
529 2577 615 2651 302.
636 2574 676 2650 C.
701 2587 850 2675 praeter
875 2576 1097 2653 domesticos
1123 2576 1214 2651 deos
1229 2581 1346 2652 etiem
1473 2634 1474 2643 .

277 2697 489 2774 communia
526 2697 664 2796 phylae
696 2709 733 2771 et
767 2697 956 2794 phratrias
987 2719 1077 2773 suae
1109 2720 1213 2771 saera
1245 2719 1345 2773 com·
1470 2730 1473 2799 ζ

121 2910 123 2919 Ι
276 2818 514 2919 prehendisse
538 2818 707 2906 arbitror,
732 2840 852 2915 neque
875 2816 1095 2895 Aeschinem
1119 2821 1344 2913 negaverim,
1422 2885 1426 2895 .

278 2943 343 3040 qni
374 2952 519 3038 patrem
544 2956 652 3012 suum
677 2938 768 3012 dicit
792 2939 887 3016 εἶναι
912 2943 952 3016 ἐκ
977 2939 1184 3042 φρατρίας,
1214 2940 1238 3035 ἢ
1264 2949 1345 3018 τῶν

277 3063 405 3140 αὐτῶν
426 3066 572 3161 βωμῶν
592 3056 895 3160 Ἐτεοβουτάδαις
918 3063 1058 3159 μετέχει
1082 3060 1142 3135 De
1166 3058 1249 3133 lale.
1273 3058 1343 3153 leg.

275 3204 312 3278 p.
337 3181 399 3254 47.
425 3180 486 3254 39.
521 3181 588 3253 hos
621 3202 703 3253 aras
734 3180 808 3253 sihi
838 3179 1013 3282 πατρῴας
1037 3201 1250 3276 nuncupare
1273 3200 1343 3275 po·
1471 3228 1472 3243 2

274 3301 399 3374 tuisse.
449 3299 588 3374 Multos
622 3310 747 3374 autem
779 3300 828 3374 ad
860 3304 1066 3379 ricinorum
1098 3299 1188 3373 deos
1214 3301 1342 3396 priva-

275 3435 333 3495 tos
373 3443 455 3495 sese
494 3421 715 3517 applicuisse
754 3435 911 3520 apparet
948 3446 969 3494 e
1006 3420 1267 3519 Xenophontis
1304 3432 1341 3494 et

273 3543 382 3616 Plinii
414 3542 644 3616 testimoniis.
702 3540 825 3637 HuJus
857 3545 906 3615 in·
930 3538 1093 3641 praediis
1126 3551 1206 3615 erat
1230 3538 1342 3615 aedes

126 3690 140 3707 .
274 3659 438 3755 Cereris,
479 3684 552 3760 quo
592 3673 690 3735 stato
723 3662 786 3736 die
818 3663 941 3741 coibat
972 3662 1134 3760 populus
1168 3661 1216 3735 od
1248 3668 1341 3736 vota

274 3774 510 3882 suscipienda
541 3783 801 3882 reddendaque
833 3783 875 3857 L.
900 3782 964 3859 lX.
990 3785 1060 3881 Ep.
1087 3783 1147 3858 39.
1201 3781 1339 3855 Simili·
1469 3794 1470 3887 1

274 3914 330 4011 ter
369 3927 481 4002 quum
521 3904 732 4006 Xenophon
770 3907 811 3978 in
844 3928 932 4001 agro
968 3904 1161 3996 Scilluntio
1194 3902 1340 3977 Dianae

273 4026 454 4123 templum
489 4028 755 4118 constionsset,
794 4026 930 4112 πάντες
963 4028 999 4103 οἱ
1030 4032 1176 4102 πολῖται
1207 4021 1271 4099 καὶ
1302 4021 1339 4097 αἱ
1468 4052 1469 4131 j
