2975 4884
561 264 832 319 onrnlon
952 334 960 349 ·
1154 251 1233 325 889
1476 252 1477 255 ‘

33 500 36 505 a
164 424 282 499 titulis
315 422 530 499 inscribere
547 421 684 510 solent,
714 440 791 495 non
823 421 1093 520 Aegyptiorum
1125 422 1233 499 obse.

114 614 118 619 ,
160 533 262 642 quio
278 545 344 618 sed
369 555 533 618 naturae.
569 539 668 631 Quid
692 543 804 636 igitur
830 542 878 615 de
902 543 1140 639 Pythagoreis
1153 545 1232 625 ,du-

163 666 343 755 bitamus‚
379 665 511 764 quibus
544 673 688 736 constat
713 661 856 743 decoris
877 675 920 767 et
943 665 1232 760 magnificentiae
1273 706 1276 719 ·
1322 747 1330 755 ᾗ

162 805 240 858 non
287 787 470 859 minorem
510 806 635 857 curam
673 782 790 856 luisse
829 805 939 879 quam
980 784 1232 876 Arrhemistis,

161 904 282 1000 Magis
324 918 362 979 et
401 886 651 1002 seplasiariisl
692 901 778 976 Huo
811 902 1008 977 accedebat
1038 908 1232 1002 proprium

161 1027 274 1121 hujus
300 1037 421 1099 sectae
447 1024 611 1099 studium
636 1045 760 1095 rerum
787 1025 952 1097 omnium
970 1024 1231 1101 similitudines

159 1140 203 1218 ¹et
226 1146 416 1240 analogias
441 1143 659 1240 indagandi,
689 1140 791 1216 unde
815 1146 924 1240 oo'pia
948 1146 1232 1220 translationum

163 1278 203 1339 et
234 1266 575 1340 denominationum
607 1266 709 1337 nasei
733 1264 839 1337 solet
890 1242 997 1338 llane
1022 1277 1146 1339 autem
1171 1289 1232 1341 ra-

162 1389 303 1460 tionem
335 1386 560 1475 domesticae
591 1385 724 1459 horam
758 1383 1078 1495 philosophorum·
1097 1385 1232 1461 doetri-
1333 1402 1384 1491 ‚⁵

161 1528 234 1579 nae
281 1507 635 1602 mnjnnetissimam‚
687 1504 851 1602 nullique
898 1507 963 1579 alii
1004 1516 1126 1595 sertae
1165 1528 1232 1581 seu
1343 1512 1345 1521 ’

163 1627 327 1700 Graecae
351 1649 416 1700 seu
442 1628 607 1699 exotioae
633 1647 887 1716 communem,
912 1629 996 1724 quis
1022 1627 1153 1729 eredat
1169 1650 1231 1702 ex·
1274 1640 1279 1645 ’

161 1750 342 1820 aimerus
367 1746 414 1819 ab
429 1745 600 1843 Aegypto
626 1767 707 1818 esse
731 1743 963 1821 derivataml
988 1749 1089 1821 Inter
1108 1768 1231 1822 exem-
1262 1815 1265 1821 .

159 1869 246 1965 pla,
278 1889 374 1964 quae
406 1866 625 1961 afferuntur,
653 1864 891 1956 ‚symbolicae
910 1865 1126 1957 dictioniss
1150 1871 1232 1944 sive

161 1988 229 2061 illa
260 1990 344 2060 fieta
375 1998 462 2059 sunt
487 1984 727 2059 aGraeoulis
752 1985 833 2059 sive
859 1985 1088 2082 Pythagorae
1111 1989 1231 2084 ipsius

162 2129 229 2180 ore
263 2115 434 2202 excepta,
466 2126 583 2178 unum
607 2114 682 2191 est,
708 2109 749 2175 in
775 2124 847 2200 quo
874 2104 1014 2179 diutius
1039 2109 1233 2180 immorari

158 2227 296 2313 libeat,
329 2223 424 2296 illud
449 2213 548 2322 qnod
574 2222 759 2296 demeris
785 2223 1038 2298 ortudioitur.
1087 2226 1183 2301 Nam
1210 2250 1233 2301 a

158 2345 334 2417 lacrimis·
364 2343 521 2417 deorum
562 2355 642 2417 tum
674 2344 758 2432 alii,
792 2365 885 2441 quos
913 2346 993 2440 Jam
1010 2349 1233 2422 nominavi·

160 2486 276 2552 mus,
309 2463 571 2539 similitudines
611 2463 815 2552 duxerunt,
855 2475 938 2537 tum
973 2466 1086 2538 etism
1120 2478 1248 2565 poeta

163 2584 383 2679 Theologus.
424 2584 599 2657 Proculus
638 2585 679 2658 in
710 2583 806 2657 Tim.
839 2585 868 2656 Ι.
898 2582 958 2657 35.
992 2589 1028 2663 οἱ
1058 2587 1232 2692 θεολόγοι
1310 2676 1316 2681 ,

162 2707 233 2801 τὴν
265 2706 419 2802 ἡλιακὴν
451 2703 633 2806 πρόνοιαν
668 2705 732 2782 καὶ
762 2711 814 2789 εἰς
838 2707 886 2781 τὰ
911 2707 1037 2803 θνητοὶ
1062 2709 1127 2784 drol
1153 2717 1232 2787 τῶν

163 2824 342 2926 δακρύων
366 2825 589 2924 σημαίνουσι
1175 2844 1183 2849 ·

207 2988 211 2997 -
247 2948 380 3034 Δίκρυα
399 2952 457 3032 μὲν
476 2951 570 3015 σέθεν
591 2950 656 3013 ἐστι
676 2947 874 3033 πολυτλήτων
894 2952 979 3035 γένος
999 2952 1120 3039 ἀνδρῶν
1154 3000 1158 3007 ·

163 3078 203 3138 et
227 3069 268 3138 in
292 3065 399 3139 Polit.
412 3087 450 3161 p.
463 3063 550 3136 384.
577 3060 668 3135 dieit
691 3061 878 3153 lacrymis,
895 3063 1036 3160 unibus
1062 3065 1116 3138 dii
1132 3087 1232 3141 mor-

163 3184 240 3258 t'em
278 3185 471 3257 hominum
509 3182 581 3256 sibi
614 3182 854 3255 familiarium
887 3181 1021 3256 deflere
1052 3184 1233 3279 dicantur,

140 3290 360 3400 'significari
392 3326 521 3376 eorum
545 3306 585 3376 in
610 3301 751 3382 tuendo
776 3302 989 3381 mortalium
1014 3304 1145 3401 gendre
1170 3331 1233 3381 en·
1339 3330 1342 3337 ·

163 3447 245 3498 ram
284 3437 321 3511 et
355 3423 647 3522 providentiam:
682 3423 840 3527 Δίνρυοι
869 3424 1114 3527 πολυτλήμων
1147 3426 1232 3528 (sio)

163 3546 271 3648 γένος
297 3545 470 3645 ἀνδρῶν,
506 3544 599 3644 φησί
622 3574 678 3630 τις
702 3547 772 3623 τὸν
794 3546 900 3642 ἥλιον
924 3547 1067 3646 ὑμνῶν.
1120 3548 1170 3618 Et
1194 3569 1232 3643 p.

142 3657 145 3661 ’
165 3661 253 3737 385.
278 3664 325 3740 τὰ
353 3662 500 3766 ιλοίνρυοι
526 3674 590 3761 τῆς
615 3671 667 3750 εἰς
691 3666 738 3742 τὰ
753 3668 891 3762 Ιθνητοὶ
910 3666 1087 3768 προνοίας
1104 3667 1231 3745 αὐτῶν

164 3786 229 3860 καὶ
255 3784 407 3885 ἐπίκηρα
433 3785 635 3891 πράγματα
661 3783 890 3885 συνθήματά
916 3791 1035 3875 ἐστιν,
1062 3785 1082 3861 ὅ
1109 3786 1151 3863 dd
1172 3789 1244 3891 γί-Β

165 3916 239 3990 laer
269 3915 334 4001 τῆς
368 3913 419 3991 οἷς
450 3907 498 3982 rol
520 3908 598 3983 ὅλοι
623 3908 686 3983 καὶ
712 3905 891 3992 (ἶσαιίτως
916 3904 1117 4005 κινούμενοι
1141 3918 1233 4005 πλη-

165 4023 325 4125 ρώματα
365 4035 433 4103 τοῦ
465 4025 604 4113 ιιαντὸς
638 4029 839 4132 ἐνεργείας·
872 4026 1000 4129 διόπερ
1035 4030 1139 4129 οἶμαι
1171 4029 1234 4107 καὶ
