2975 4884
540 227 843 286 onrnrc'rs
1114 211 1214 288 loru

147 398 186 462 et
217 387 264 461 ab
298 398 513 483 argumento
545 392 649 490 ipso,
682 389 784 490 quod
817 397 966 476 traotat,
1001 386 1221 480 longissime·

146 506 329 584 abhorret
381 507 549 584 Vandale
582 513 623 584 in
652 509 809 584 Dissert.
841 532 879 606 p.
907 506 993 581 102.
1026 515 1215 604 postrema

146 626 264 702 verba
295 629 410 702 vortit
441 631 549 726 ipse
580 650 766 727 quoque
788 626 1031 714 Baoohicis
1057 622 1215 719 adjun-

145 757 267 835 otus,
292 747 386 820 nihil
412 746 602 822 discedens
630 748 856 822 attalatitia
877 747 1077 844 scriptura,
1103 765 1216 844 quarn

147 866 269 962 Zooga
302 887 447 965 quoque
477 865 559 942 sine
591 868 669 942 ulla
700 863 827 941 mendi
861 857 1069 964 suspicione
1094 865 1217 962 sequi·

22 975 23 986 ’
147 999 208 1059 tur
232 985 401 1059 Bassirel.
428 987 470 1061 Τ.
496 989 524 1060 Ι.
549 1012 587 1087 p.
611 989 672 1061 88.
698 986 869 1081 Heynius
895 996 1019 1059 autern
1045 982 1218 1057 emenda·
1248 1041 1256 1054 .

22 1159 23 1166 1
148 1108 288 1179 tionem
322 1105 492 1180 adhibuit
524 1130 549 1180 a
581 1107 816 1182 'lasobuckio
851 1115 1112 1180 memoratam:
1145 1134 1216 1182 τια-

151 1224 395 1328 ραδιδόμινος
420 1231 461 1304 ἐν
486 1235 564 1314 τοῖς
589 1225 777 1307 Διονύσου
803 1228 867 1303 καὶ
892 1224 1025 1315 αὐτός,
1048 1225 1218 1298 Matris

151 1344 284 1418 deum
318 1345 458 1420 filius
483 1345 704 1445 proditus
731 1347 905 1446 etipse
930 1356 975 1419 et
997 1357 1218 1419 narratus

150 1466 197 1537 in
229 1464 491 1553 Baoohiois,
534 1486 610 1563 quo
650 1469 802 1540 nomine
834 1480 963 1540 utrum*
992 1463 1138 1539 fabulas
1172 1486 1220 1537 an

22 1581 23 1588 ’
151 1606 256 1658 sacra
295 1584 472 1682 Bacchica
519 1581 698 1666 declarari
738 1584 901 1660 voluerit
908 1636 919 1673 ‚
966 1585 1112 1675 nesoi03·
1155 1582 1222 1658 sed

150 1705 200 1779 τὰ
235 1702 422 1781 Διονύσου
465 1715 636 1780 neutrum
662 1705 865 1797 significare
898 1723 1009 1800 posse
1040 1704 1222 1799 intelligo.

151 1822 271 1895 Multo
315 1824 433 1917 magis
472 1824 589 1896 miror
629 1818 768 1916 Corayi
810 1819 992 1916 judicium
1039 1822 1222 1921 παρᾴδιον

150 1943 199 2019 τοὶ
233 1951 302 2020 τοῦ
328 1938 516 2020 Διονύσου
541 1941 752 2030 scribentis,
786 1941 855 2013 bao
891 1936 1019 2013 addita
1044 1941 1223 2038 interpre-

152 2061 311 2134 tatione:
351 2061 523 2162 παρῳδεῖ
560 2060 755 2163 Στράβων
791 2060 861 2157 τὴν
900 2056 1105 2161 παροιμίαν
1143 2069 1224 2145 τοῦ

151 2181 329 2281 πατρὸς
364 2181 415 2256 τὸ
449 2180 670 2271 παιδίον,
716 2191 771 2281 τῷ
803 2178 845 2256 δὲ
878 2179 1018 2278 πατρὸς
1055 2180 1225 2284 doduni-

151 2302 291 2399 πίβαίε
331 2300 476 2392 παίζων
515 2300 558 2376 τδ
596 2300 757 2400 Μητρὸς
800 2300 864 2377 διδ
903 2299 974 2396 τὴν
1002 2299 1127 2388 Ῥίαν,
1153 2285 1224 2397 μὴ·

154 2422 243 2521 τίρα
276 2424 382 2497 θεῶν
413 2409 656 2519 καλουμένην.
710 2420 756 2497 Ὁ
786 2431 894 2510 νοῦς,
937 2420 1000 2497 καί
1032 2419 1053 2497 ὁ
1088 2417 1225 2518 Σαβαί-

157 2542 238 2633 ζιοςῚ
268 2541 289 2618 ὅ
323 2541 420 2617 κατὰ
452 2541 521 2638 τὴν
553 2539 731 2644 Φρυγίαν
753 2541 872 2627 οὕτως
897 2537 1124 2638 ἐξιομιίιαται
1146 2545 1226 2625 τοῖς

156 2662 387 2761 τελουμένοις
418 2670 473 2764 τῷ
505 2659 681 2760 Διονύσῳ
712 2661 786 2737 ὑπὸ
818 2669 898 2738 τῶν
926 2666 1109 2762 Θρᾳκῶν,
1135 2660 1225 2744 δίςτο

158 2779 271 2881 φαίης
296 2781 347 2857 δν
372 2781 446 2857 obad
471 2778 621 2859 τούτων
646 2786 767 2858 ἐκεῖνα
789 2781 978 2883 γενέσθαι.
1031 2778 1095 2852 sia
1114 2776 1250 2850 bodio-

139 2921 246 2990 {sane
270 2901 466 2997 loquimur,
491 2898 558 2972 sed
576 2898 709 2971 Graeci
734 2898 851 2973 verbo
875 2897 1065 2999 παρῳδιῖν
1088 2899 1144 2968 ita
1168 2897 1227 2968 usi
1343 2949 1348 2960 .

158 3041 234 3093 non
258 3030 363 3111 sunt3
388 3031 426 3092 et
451 3021 533 3117 quis
558 3001 709 3091 tandem
733 3015 917 3120 παρᾴδοιν
942 3013 1037 3089 dixit
1060 3035 1130 3112 pro
1155 3041 1228 3091 nu-

23 3179 25 3196 ι
160 3138 321 3242 ρῳδιῖυί
367 3138 484 3213 Nobis
517 3141 556 3211 in
591 3139 767 3212 extremis
796 3136 985 3235 participii
1019 3133 1229 3236 παραδιδίς

159 3288 271 3360 μενος
302 3258 519 3342 adverbium
549 3257 689 3358 ,ὁμοίως
722 3258 783 3333 vol
815 3258 925 3357 ὅμοια
949 3256 1065 3330 latere
1090 3264 1229 3330 totum·
1259 3295 1263 3308 ·

160 3402 233 3478 que
265 3401 412 3453 oomnra
443 3380 497 3452 sio
528 3376 764 3451 scribendum
797 3377 967 3455 videtur:
1001 3376 1160 3478 Μητρὸς
1183 3376 1228 3452 τὸ

158 3499 314 3580 παιδίον
345 3499 597 3600 παραδίδοται
628 3520 658 3570 s.
690 3497 989 3600 παραδιδόμενος
1013 3496 1151 3596 ὁμοίως
1174 3504 1230 3595 τῷ

136 3620 337 3721 ·Διονίοῳ
374 3620 438 3698 καὶ
479 3617 612 3708 αὐτός,
658 3617 857 3716 perinde
896 3640 946 3691 ao
986 3614 1229 3707 Dionysus

162 3740 398 3814 Sabazius
442 3725 623 3838 quoque
660 3738 830 3812 Matris
867 3738 1057 3833 Magnae
1089 3735 1230 3810 alum·

35 3930 37 3934 .
160 3845 250 3936 nus
282 3872 329 3933 ot-
357 3859 545 3934 filiolus
578 3858 871 3956 perhibetur3
908 3877 984 3930 noo
1015 3857 1231 3955 simpliciter

163 3982 282 4058 παῖδα
315 3978 383 4053 sed
414 3980 457 4058 τὸ
491 3978 643 4058 παιδίαν
675 3976 788 4067 dixit,
820 3979 908 4076 quia
939 3976 1130 4069 Dionysus
1155 3995 1231 4048 non
