2975 4884
280 275 381 351 loss
429 244 432 247 ¹
500 308 504 313 ·
610 288 1011 347 msnnnnsnms.

276 479 356 538 roc:
371 390 536 547 owse
570 447 765 547 ewam
798 442 992 540 (noya.)
1024 443 1123 523 ooo
1156 458 1222 521 ee.
1283 444 1362 523 me

275 590 368 645 nero
394 564 619 645 ‚Gabinorum
644 567 822 657 nomina,
854 587 949 663 quae
973 563 1146 645 omem
1171 563 1358 663 prodidit,

123 670 126 675 ¹
267 693 401 763 ‘utrum
436 687 477 761 io
501 688 690 780 mysteriis
715 684 918 763 traditaet
941 702 1090 783 semper
1109 685 1245 789 *eadem
1271 685 1358 760 fue·
1467 726 1468 729 κ

274 812 369 899 risit,
404 828 453 882 an
483 824 575 881 casu
607 816 674 880 ant
703 805 939 881 sacerdotum
964 805 1129 883 notum
1155 807 1230 883 elio
1256 818 1356 880 tem-

274 951 368 1029 pore
392 928 468 1003 alie
490 926 694 1017 valuerint,
719 926 965 1023 injudicatum
988 925 1242 1031 relinquimus.
1277 927 1358 1000 Sed

274 1049 371 1125 illud
397 1051 462 1125 vix
486 1045 650 1123 dubitari
673 1058 818 1146 potest,
844 1047 935 1144 quin
959 1045 1169 1120 sacerdotes
1195 1045 1353 1120 deorum

273 1189 492 1265 memorum
505 1166 649 1271 ¹leudes
674 1167 884 1255 cecinerint,
910 1168 1001 1271 vim?
1017 1179 1056 1241 et
1074 1158 1353 1266 providentiam

273 1289 587 1395 praedicaverint3
624 1286 666 1361 id
706 1290 807 1363 enim
846 1299 926 1360 tum
961 1290 1127 1361 omnium
1162 1311 1356 1361 sacrorum

275 1420 532 1507 argumentum
568 1431 763 1482 commune
797 1419 855 1480 est
879 1420 959 1481 tum
985 1409 1151 1482 maxime
1176 1408 1355 1482 solemni·
1469 1416 1470 1461 3

273 1531 344 1606 bus
370 1552 498 1604 eorum
523 1532 719 1605 numinum
746 1528 940 1617 convenit,
965 1549 1060 1626 quae
1086 1528 1244 1602 cultores
1261 1550 1354 1602 suos

275 1677 297 1725 e
321 1652 497 1726 maximis
522 1651 698 1749 periculis
722 1650 869 1747 eripere
894 1646 1150 1740 crederentur,
1175 1671 1354 1747 qnorum·

275 1795 347 1871 qne
378 1774 548 1871 potentia
578 1783 637 1845 tot
661 1770 799 1875 talpnlis
823 1770 954 1868 pictis,
990 1779 1048 1842 tot
1072 1770 1210 1868 amplis
1235 1768 1355 1847 dona·=

271 1895 359 1985 riis,
384 1902 442 1966 tot
464 1892 599 1971 fauiae,
612 1891 802 1967 miraculis
827 1877 965 1965 testata
990 1902 1097 1965 esset.
1136 1891 1267 1988 quue
1291 1915 1347 1964 re·

274 2015 363 2089 ferri
393 2026 553 2112 possunt
586 2012 721 2086 Galeni
753 2009 886 2102 verba3
913 2034 1008 2108 quae
1032 2034 1148 2111 supra
1171 2011 1282 2111 retuli
1306 2009 1349 2083 L.

272 2136 301 2208 t
326 2158 364 2234 p.
390 2135 452 2209 63.
486 2157 532 2208 ea
562 2155 657 2231 quae
689 2135 730 2207 in
761 2133 877 2207 sacris
902 2131 1169 2207 Samothraciis
1195 2143 1352 2227 agantur

274 2268 314 2330 et
348 2254 595 2329 dieantur·-
619 2255 669 2332 τὰ
693 2251 873 2357 δρώμενα
896 2255 962 2333 καὶ
987 2252 1168 2358 λεγόμενα
1192 2297 1244 2308 -
1270 2262 1351 2324 tum

221 2376 223 2379 ’
273 2384 415 2450 attente
440 2398 463 2448 a
486 2373 741 2472 praesentibus
768 2373 959 2450 observari
982 2384 1063 2448 tum
1090 2372 1139 2448 ad
1153 2393 1346 2468 agnoscen-

274 2494 363 2569 dam
390 2493 509 2589 divini
534 2495 696 2568 numinis
721 2494 999 2592 providentiam
1023 2478 1191 2593 nonnihil
1211 2492 1349 2566 valere.

273 2613 352 2689 Sed
390 2636 606 2713 quoeunque
645 2614 797 2689 demum
836 2614 952 2689 modo
993 2615 1089 2689 illud
1130 2612 1353 2709 ambiguum·

272 2757 411 2810 nomen
451 2735 498 2812 τὰ
539 2732 718 2839 λεγόμενα
756 2736 975 2834 accipietur,
1010 2737 1082 2810 hoc
1114 2747 1211 2810 certe
1243 2735 1348 2808 nullo

171 2908 177 2923 .
272 2864 384 2956 puoto
411 2852 543 2929 efficiet
558 2866 610 2928 ⁴ut
632 2854 910 2954 Hierophantas
936 2855 984 2929 de
1002 2879 1125 2931 rerum
1141 2856 1348 2954 principiis,

273 2977 322 3050 de
347 2988 481 3073 natura
505 2970 589 3071 dei‚'
606 2974 653 3048 de
679 2977 963 3066 immortalitate
988 2979 1199 3051 animorum
1226 2987 1265 3049 ot
1289 3000 1348 3050 ee-

272 3098 363 3170 teris
387 3096 509 3185 rebus,
528 3117 627 3194 quas
653 3094 845 3201 doctrinae
869 3099 1050 3193 mysticae
1064 3107 1234 3171 cantores
1248 3117 1348 3171 com-

272 3218 530 3306 miniscuntur,
556 3214 774 3302 disseruisse
798 3229 983 3316 putemus
1019 3214 1119 3307 Quid
1139 3217 1221 3313 jam
1248 3237 1348 3289 com-

271 3357 477 3410 memorem
503 3358 615 3433 quam
639 3338 772 3411 inutile
797 3340 847 3412 sit
865 3337 913 3412 ad
933 3339 1023 3411 haec
1036 3336 1243 3434 probanda
1251 3336 1346 3408 Dio-

273 3456 357 3529 dori
380 3457 653 3546 testimoninm,
679 3457 781 3554 qnod
805 3460 909 3556 prius
935 3460 1094 3556 apposui
1118 3481 1157 3555 p.
1181 3456 1244 3531 46.
1278 3456 1346 3530 Se·

270 3566 476 3654 mothracia
498 3599 634 3656 arcana
657 3580 721 3676 qui
747 3581 980 3676 participent,
1000 3579 1177 3675 justiores
1202 3577 1281 3672 lieri
1306 3586 1347 3648 et

272 3696 321 3771 ad
347 3720 495 3771 omnem
520 3700 622 3772 vitae
646 3698 828 3772 rationem
853 3700 1028 3773 meliores
1054 3700 1345 3794 religionumque

273 3816 581 3923 observantiores.
632 3818 675 3890 Id
703 3819 802 3891 enim
828 3816 875 3893 de
902 3819 1073 3895 omnibus
1098 3820 1213 3894 sacris
1236 3839 1344 3915 prae·

272 3937 387 4011 dicari
412 3950 554 4034 potest,
580 3961 675 4037 quae
698 3919 893 4015 hominurn
918 3962 1049 4014 sensus
1074 3941 1224 4035 gratim
1246 3960 1344 4011 com-

271 4067 427 4135 movent
446 4070 557 4157 atque
576 4058 776 4147 haudscio
799 4083 846 4135 an
871 4061 1015 4136 nullum
1040 4072 1117 4135 tam
1142 4058 1246 4150 rude,
1266 4071 1343 4132 tam
