2975 4884
261 217 338 292 874
367 260 372 267 -
580 229 724 284 urana
749 227 1008 283 sacunous.
1107 236 1110 242 ·

262 389 378 487 θήκη)
413 409 496 461 uum
529 368 727 485 σίφιοο[“],
764 381 898 485 σιφνός,
921 383 1057 484 (κενός)
1084 382 1232 484 σιφκύω
1257 387 1334 482 (κε-

181 506 183 515 ’
260 511 332 607 soi)
367 523 404 582 et
435 507 559 580 latinis
593 506 941 600 vocabulis'sipo,
972 505 1247 603 simpulum,
1273 527 1333 577 co·

259 643 411 725 gnatum
445 639 645 724 aptumque
678 637 734 697 est
759 624 1005 720 significandis
1030 627 1132 699 vasis
1159 628 1335 700 convexis

164 780 167 783 ’
260 753 515 846 concavisque.
567 747 739 841 Hymnos
766 749 896 819 atticos
922 746 1055 819 Pollux
1081 745 1204 819 dicere
1229 745 1332 820 vide·

260 884 320 943 tur
346 893 429 959 eos,
462 891 555 965 quos
581 864 827 961 Lycomidae‚
854 865 1025 939 Eunidae
1050 867 1187 964 aliique
1213 888 1333 940 sauro-

258 1012 341 1064 mm
375 1002 544 1063 cantores
577 999 615 1060 et
646 988 862 1085 paeanistae
893 990 934 1060 in
959 987 1185 1062 solemnibus
1210 986 1334 1085 publi

258 1114 312 1185 cis
344 1111 609 1208 gentiliumque
641 1107 867 1197 recitabant,
895 1106 1036 1206 Orphei
1061 1109 1222 1182 fortasse
1245 1108 1332 1180 illos

258 1245 324 1306 aut
357 1232 501 1305 Musaei
533 1231 683 1303 nomine
713 1231 931 1326 insumptus,
968 1231 1097 1329 quales
1117 1228 1332 1303 ‘Pausanias

214 1436 217 1441 ,
257 1352 510 1446 aLycomidis
536 1350 586 1424 ad
610 1372 713 1424 sacra
737 1353 820 1423 uani
844 1351 977 1443 refert3
1003 1350 1102 1425 unde
1128 1351 1240 1422 etiam
1255 1347 1331 1421 He-
1429 1370 1433 1378 ·

258 1475 407 1569 sychius
432 1470 527 1546 illud
549 1475 726 1576 Ἐγγῆσυς
749 1472 773 1569 ἡ
797 1482 846 1576 γῆ
872 1474 976 1573 παρὰ
998 1475 1203 1560 Ἀττικοῖς,
1229 1491 1330 1543 sum·

257 1598 351 1668 sisse
375 1593 497 1668 videri
522 1602 656 1691 potest.
708 1591 835 1689 Σιπύη
862 1591 1012 1690 quidem
1037 1616 1174 1667 nomen
1199 1614 1330 1688 peran-

231 1718 400 1812 ,tiquum
434 1726 507 1804 est,
540 1711 688 1811 quando
714 1712 995 1786 contubernales
1020 1734 1114 1810 quos
1139 1714 1330 1811 Epimeni·

257 1835 325 1908 des
357 1833 590 1935 ὁμοκάπους,
627 1835 845 1907 Plutarchus
877 1846 1002 1908 autum
1034 1835 1234 1935 ὁμοσίτους
1266 1835 1331 1910 καὶ

257 1957 494 2056 ὁμοχοίνικας
533 1956 761 2043 nominavit,
803 1978 827 2027 a
868 1951 1065 2028 Charonda
1100 1952 1329 2052 ὁμοσιπύους

255 2088 411 2152 vocatos
435 2076 605 2169 legimus,
630 2075 713 2147 aliis
729 2074 896 2151 ,fortasse
920 2074 1328 2174 ὅμοθσλάκοσςᾶἰοῑοο,

256 2194 356 2273 unde
398 2193 606 2269 derivatum
646 2194 801 2269 verbum
842 2196 1096 2294 duodeuicenis
1135 2212 1330 2273 servarunt
1460 2245 1466 2256 ·

257 2316 508 2407 Grammatiui.
561 2312 636 2386 Sed
683 2318 876 2413 proprium
925 2314 1113 2413 quoddam
1153 2318 1329 2414 gentilicii
1385 2388 1388 2393 .

257 2437 351 2509 sacri
377 2433 601 2510 vocabulum
626 2434 919 2539 afferremdetur
935 2438 1327 2538 Euststhiusp.1072.
1431 2454 1432 2457 ’

257 2557 319 2631 49.
345 2552 475 2651 Χηλὸν
500 2556 594 2631 κατὰ
619 2558 708 2642 τοὺς
732 2556 913 2642 παλαιοὺς
936 2559 1006 2655 τὴν
1030 2559 1196 2662 afflando
1210 2587 1328 2663 φασιν

257 2681 293 2755 οἱ
317 2673 514 2762 Λάκωνες·
539 2675 753 2753 Βουτεοὶδαι
777 2678 820 2753 δὲ
844 2676 1024 2779 λάρνακα.
1074 2689 1328 2779 Μιτυληναῖοι

254 2799 298 2876 δὲ
323 2795 520 2900 ἄντίπηγα.
561 2797 714 2870 Interim
740 2795 862 2871 Schol.
887 2798 991 2873 Leid.
1016 2803 1071 2902 (et
1095 2800 1253 2900 Veneta)
1278 2802 1329 2876 ad

253 2920 298 2992 Il.
322 2916 422 2995 XVI.
448 2915 534 2990 221.
561 2915 659 2989 unde
685 2917 949 2994 Valckenarius
975 2920 1024 3007 ad
1038 2920 1161 2999 Adon.
1188 2947 1225 3020 p.
1240 2923 1326 2996 334.

192 3118 195 3125 ,
254 3041 348 3111 hanc
381 3039 612 3111 notationem
645 3052 809 3113 sumtum
841 3053 966 3138 putat,
999 3064 1075 3114 non
1107 3041 1326 3127 Boousulduu

256 3159 322 3231 sed
349 3160 521 3233 universe
546 3155 702 3248 Atticos,
728 3159 962 3237 Victorianus
988 3173 1113 3237 autem
1138 3165 1177 3233 in
1200 3159 1325 3254 Heyn.
1434 3236 1439 3249 ,

254 3276 425 3354 Addend.
452 3277 600 3352 'll-Vll.
618 3303 655 3377 p.
670 3279 758 3354 785.
783 3294 934 3357 neutros
958 3283 1152 3356 nominant
1176 3269 1244 3356 sed
1268 3282 1324 3381 in·

257 3399 405 3473 definite
430 3402 535 3477 ἄλλοι
560 3399 737 3517 λάοκακοι.
785 3400 867 3490 Qua
891 3404 956 3477 via
980 3424 1048 3498 pro
1074 3401 1132 3475 hia
1157 3402 1324 3478 Butadae

328 3674 373 3744 [θ]
401 3674 549 3744 Hesychius
571 3678 670 3746 Σίφων
687 3705 721 3715 -
739 3668 860 3747 ὄργανον
877 3677 908 3730 ἐκ
925 3665 947 3747 ᾧ
964 3672 1026 3736 τοὺς
1041 3679 1219 3748 μαρσίπποιις
1242 3677 1322 3731 ἐπί-

257 3748 451 3813 σκοποῦσι,
476 3746 523 3799 καὶ
540 3749 595 3799 τῶν
611 3740 735 3814 σταχύων
752 3747 798 3797 καὶ
815 3748 864 3800 τοῦ
880 3750 970 3820 πυροῦ
988 3753 1015 3804 οἱ
1032 3750 1188 3815 καυλίσκοι,
1213 3747 1260 3800 καὶ
1284 3737 1325 3806 οἷς

257 3817 285 3869 οἱ
302 3812 417 3881 κάπηλοι
429 3819 559 3888 χρῶνται.
595 3815 714 3885 Toupins
732 3815 777 3884 qui
794 3817 970 3873 ἐπισκέπουσι
988 3819 1106 3871 emendat
1122 3818 1205 3870 Emm.
1223 3818 1258 3869 T.
1276 3816 1322 3868 1v.

256 3885 317 3937 206.
342 3900 431 3954 parum
448 3888 595 3956 perspexit,
619 3886 777 3954 Hesychium
794 3887 827 3938 de
843 3888 1012 3943 inslmmento
1030 3890 1075 3943 illo
1093 3889 1244 3960 portitorum
1267 3903 1320 3940 σοι·

258 3955 393 4079 ffel&
407 3957 493 4024 loqui,
518 3957 587 4025 quod
604 3973 700 4024 graeuc
717 3955 908 4029 nerpopuiomu,
934 3962 1080 4030 germanice
1103 3961 1128 4019 ‚V
1135 3960 1322 4011 islereisen

277 4027 360 4080 'uitur
802 4064 804 4069 ·
858 4058 859 4061 =
