2975 4884
559 245 833 306 onrurcr.
925 193 930 197 ’
1131 223 1253 311 1066,

161 418 199 479 et
223 401 351 479 Lunae
377 406 517 498 afferri,
550 404 724 503 idemque
750 399 910 507 ἀρέστήρ
925 416 976 479 ‘et
999 407 1130 505 σελήνη
1150 408 1231 483 -dici

124 608 126 614 ,
159 524 313 598 Photius
338 538 484 615 narrat,
520 525 655 600 Suidas
681 534 807 598 autem
839 530 939 625 βοῦν
966 525 1134 626 eripimur
1167 541 1233 602 aut

158 647 260 743 βοῦν
293 643 529 746 ἕβδομονΗ
515 648 640 741 ]hac
671 646 831 717 fortasse
864 643 1090 735 differentia,
1131 646 1233 745 quod
1304 741 1322 757 .

159 762 334 836 lunulae
344 766 432 838 illae
473 766 763 840 senricirculatae
805 777 946 854 essent,
989 764 1086 838 dux
1106 767 1258 842 autem·

160 884 299 976 gregis,
338 886 585 981 cujuscunque
603 884 761 958 demum
785 886 941 979 figurae,
967 908 1104 960 cornua
1128 910 1236 985 prae·

161 1000 342 1075 tenderet
392 1003 448 1076 Ac
480 995 620 1077 similes
653 1002 765 1077 hodie
797 1006 981 1100 finguntur
1013 1001 1163 1082 lunulae
1197 1006 1235 1081 S.

163 1120 317 1194 Martini
340 1121 404 1197 ‘dic
436 1124 532 1196 festo
566 1135 605 1196 et
636 1120 818 1199 vocantur
850 1119 1236 1200 Martinshiirner

164 1252 230 1312 aut
261 1240 551 1333 Hornaffcn,
599 1245 731 1341 quibus
772 1241 925 1340 plurimi
966 1241 1240 1341 Germanorum*

165 1363 359 1455 quotannis
376 1385 425 1458 se
450 1363 617 1460 explent,
643 1363 710 1436 scd
735 1364 832 1438 hunc
857 1363 1000 1439 rnor'em
1025 1365 1073 1438 ab
1095 1364 1236 1439 ultimis
1354 1397 1356 1401 ⁴

164 1478 345 1573 Pelasgis,
387 1481 517 1553 Lunae
551 1481 774 1571 cultoribus,
793 1556 795 1559 Α
817 1483 1008 1582 acceptum
1041 1477 1130 1564 esse*
1154 1506 1238 1581 per·

125 1664 128 1668 .
164 1600 275 1695 pauci
298 1600 491 1674 hominum
517 1602 656 1693 sciunt,
691 1604 755 1696 qui
781 1602 981 1699 Boettigeri
1006 1607 1239 1678 commenta·

166 1718 307 1791 tionem
333 1704 498 1814 legerunt
531 1744 567 1794 v.
602 1716 975 1793 Curiositaet'en'
998 1722 1041 1795 Τ.
1066 1723 1111 1793 Π.
1144 1722 1192 1794 Ρ.“
1210 1724 1238 1796 Ι.

166 1859 203 1934 p.
232 1838 315 1910 166.
339 1920 342 1926 ,
365 1839 442 1912 Nec
468 1838 622 1913 dubium
647 1840 757 1935 quin,
783 1842 816 1911 si
843 1841 925 1935 quis
950 1840 1045 1912 bene
1070 1841 1238 1913 oculatus
1315 1881 1317 1884 v

148 1939 431 2044 ·dulciariorum
456 1961 629 2031 tabernas
662 1979 737 2029 non
772 1959 986 2051 ligurriendi
1020 1956 1086 2030 scd
1119 1959 1240 2056 philo·

167 2076 352 2173 sophandi
378 2099 489 2150 causa
513 2076 730 2174 perlustret,
749 2077 864 2154 ,haud
897 2099 1035 2174 paucas
1062 2079 1240 2174 antiquis-
1325 2147 1337 2161 .,

166 2198 345 2269 simarum
370 2198 589 2292 religionum
615 2198 789 2293 reliquias
814 2198 1033 2291 inventurus
1058 2199 1241 2289 sit;.nam
1361 2233 1364 2236 ·
1395 2259 1404 2276 r

168 2337 264 2412 quae
288 2315 401 2390 hodie
425 2318 479 2390 ibi
503 2328 693 2415 prostant,
726 2318 869 2413 spirae,
903 2319 1048 2407 circuli,
1081 2318 1240 2409 rotulae,

167 2435 356 2525 laterculi,
395 2430 525 2512 eadem
566 2438 692 2509 omnia
724 2436 853 2509 multis
886 2449 972 2510 ante
1004 2459 1074 2511 nos
1108 2439 1241 2511 seculis
1274 2509 1279 2520 ,

169 2557 210 2628 in
232 2578 326 2642 usu
347 2557 462 2630 luisse
495 2558 669 2652 legimus,
703 2578 824 2654 neque
854 2561 935 2630 sine
967 2546 1109 2653 flagitio
1142 2541 1243 2631 credi
1349 2593 1351 2598 ·

169 2686 314 2773 potest,
347 2689 493 2749 veteres
525 2675 790 2774 placentarios,
829 2679 911 2754 sive
944 2675 1141 2775 quadratas
1175 2682 1243 2751 lin·

171 2805 298 2889 gerent
337 2798 419 2872 sive
460 2796 747 2870 semicirculatas
785 2800 866 2871 sive
904 2798 1128 2870 orbiculatas
1161 2799 1243 2873 siv'c

118 2981 120 2988 r
171 2913 429 3011 pyramidatas
455 2918 536 2991 sive
561 2917 602 2987 in
626 2914 782 2986 modum
812 2915 941 2989 stellae
974 2918 1156 3005 radiatas,
1189 2928 1244 2988 te·

172 3056 273 3107 mere
298 3034 500 3134 quidquam
526 3046 563 3107 et
588 3036 667 3108 sine
692 3036 836 3106 ratione
854 3034 995 3108 fecisse.
1027 3036 1108 3109 lmo
1128 3037 1244 3109 enim-

171 3175 263 3232 vero

357 3339 366 3354 .
440 3331 443 3336 >
482 3304 516 3357 ut
535 3295 631 3369 pueris
654 3294 724 3366 clim
744 3293 816 3351 dant
837 3298 966 3355 crustula
985 3297 1085 3355 blaudi

302 3397 451 3470 doctores,
479 3400 621 3455 clementa
641 3373 734 3455 velint
751 3406 785 3454 ut
806 3396 917 3456 discere
938 3401 1040 3475 prima,
1073 3460 1077 3466 ,

173 3549 228 3620 ita
253 3541 397 3623 veteres
423 3549 633 3624 scriblitarii
659 3560 777 3622 totam
804 3563 921 3624 artem
954 3574 1060 3625 suam
1093 3551 1165 3623 huc
1191 3550 1246 3623 di·

138 3721 142 3724 .
172 3667 359 3762 rigebant,
394 3683 435 3743 ut
468 3672 593 3744 omnia
625 3672 781 3744 minima
813 3693 950 3770 pransa
975 3693 1118 3744 sesamo
1155 3693 1245 3769 quo-

246 3871 294 3941 [h]
329 3873 420 3926 Simile
449 3875 626 3944 placentarum
656 3875 815 3961 symplegma
843 3844 991 3943 significare
1028 3874 1132 3928 ridetur
1158 3875 1246 3944 Hery

180 3940 268 3993 chius:
312 3939 385 4015 Χάρι
376 3964 414 4012 ις,
444 3949 481 3998 tir
480 3963 522 4016 μα
549 3947 621 4000 irc
606 3948 688 3999 roto
710 3941 845 3999 ποπάνων
869 3950 1059 4016 συγκείμενον.
1101 3946 1245 3998 Proverbio

177 4023 239 4063 usus
256 4018 297 4065 cst
313 3963 439 4069 Liberius
456 3966 529 4070 Decl.
554 4017 589 4072 Τ.
609 4016 655 4069 1.
677 4014 733 4068 160
760 4015 878 4085 ἀτεχνῶς
900 4019 1051 4071 unroco
1027 4033 1096 4076 τινες
1119 4019 1184 4087 περὶ
1208 4008 1247 4068 ὥν
