2975 4884
561 282 848 339 -onrurcs
1031 233 1032 238 Ν
1135 267 1236 344 1083

138 442 263 515 nulla
295 439 461 514 liborum
492 442 652 529 mentio,
692 454 816 538 neque
852 441 906 512 in·
926 441 1047 538 epulis
1081 439 1238 517 deorum
1272 425 1276 432 ‘
1374 487 1377 510 ,

159 585 281 662 neque
312 564 355 635 in
385 563 508 635 ooenis
542 560 756 635 domesticis
789 570 830 633 et
863 560 1111 658 quotidianis,
1136 563 1238 660 ipsa.

160 706 238 781 que-
264 684 419 756 nomina
449 680 594 784 ψαιστά
628 694 667 756 et
689 680 842 759 πόπανα
867 693 1014 754 veteres
1040 681 1239 756 Gramma·

161 805 226 877 tici
250 805 457 902 nonrprius
482 821 593 901 quam
618 803 659 874 in
683 802 788 895 Ibyci
814 811 853 874 et
878 800 1081 874 Stesichori
1107 805 1239 876 carmi·

37 973 40 979 «
160 924 271 998 nibus
295 924 458 999 inveniri
483 933 666 996 testantur
690 921 825 995 Athen.
850 918 915 994 111.
945 922 1029 995 169.
1061 921 1125 995 IV.
1154 925 1239 999 172.

162 1035 211 1118 D.
237 1043 336 1118 unde
370 1056 493 1143 patet,
539 1045 625 1117 illos
659 1043 800 1145 ἁγνοὺς
831 1039 1006 1156 βωμούς,
1040 1045 1104 1142 qui
1137 1044 1240 1143 apud

162 1165 427 1256 Athenienses,
459 1165 610 1256 Delios,
646 1159 901 1259 Phigalenses,
935 1158 1049 1238 Eleos
1083 1164 1242 1262 aliisque

163 1298 417 1361 memorantur
442 1283 613 1385 loeis[¹‘],
649 1295 777 1358 tantae
802 1285 1033 1383 antiquitatis
1056 1307 1134 1358 non
1160 1295 1254 1359 esse
1281 1351 1285 1358 .
1383 1356 1387 1364 ,

163 1419 323 1505 quantae
358 1407 526 1506 plerique
564 1407 779 1480 existiment
796 1406 846 1506 [J.
910 1407 992 1479 Imo
1028 1405 1241 1482 credibilius

163 1527 333 1617 videtur,
384 1528 483 1601 huno
521 1545 631 1600 usum
671 1539 760 1601 tuns
792 1526 945 1601 dunum
976 1527 1242 1625 pererebuisse,

165 1669 281 1746 quoru
306 1649 569 1723 ssorfflciorum
595 1669 691 1745 quae
715 1648 874 1721 heroicis
899 1649 1131 1746 temporibus
1156 1671 1242 1722 rara

164 1791 284 1868 neque
310 1790 334 1843 a
349 1771 533 1845 conviviis
548 1768 716 1864 sejuncta
731 1780 849 1857 erant,
875 1769 1078 1843 multitudo
1094 1770 1243 1869 publice

165 1901 205 1963 et
237 1892 415 1990 privatim
448 1891 673 1964 immensum
707 1897 806 1961 esset
831 1898 960 1994 aneta,
993 1890 1059 1962 vix
1085 1901 1127 1961 ut
1152 1892 1243 1966 eivi-

164 2024 261 2086 tates
296 2033 425 2085 eorum
458 2021 603 2083 sumtus
636 2009 796 2080 tolerare
821 2018 993 2104 possent,
1027 2028 1104 2079 non
1128 2007 1242 2081 modo

165 2134 354 2205 tenuiores
380 2133 532 2205 civium.
570 2130 765 2202 Praeterea
790 2125 1162 2202 animadvertendum
1188 2141 1245 2204 est

137 2251 327 2325 ,liborum
368 2273 438 2325 usu
469 2251 708 2324 victimarum
739 2247 1037 2350 irnmoletionem
1070 2271 1146 2322 non
1183 2274 1245 2324 ex·

166 2371 308 2445 elusam
332 2369 399 2445 sed
423 2371 492 2445 illa
515 2389 695 2469 persaepe
720 2361 953 2472 προθύματα
978 2370 1094 2443 fuisse
1119 2381 1163 2444 ut
1176 2392 1245 2445 vo-

168 2502 300 2606 cantur
324 2494 376 2571 τὰ·
397 2493 471 2593 πρὸ
497 2502 563 2591 τῆς
587 2492 729 2578 θυσίας
754 2489 940 2599 γενόμενα
964 2488 1193 2592 θνμιάματα
1219 2491 1245 2591 ἢ

167 2609 396 2693 πλακόύντια
428 2636 465 2688 v.
497 2614 655 2712 Interpr.
689 2612 739 2686 ad
764 2612 879 2686 Arist.
905 2611 1002 2685 Plut.
1028 2612 1116 2686 661.
1150 2614 1245 2687 Ραιιὸ
1330 2633 1333 2636 ·

168 2737 292 2809 sanias
324 2732 390 2808 IX.
423 2733 485 2808 40.
518 2733 566 2808 de
599 2732 916 2809 Chaeronensiurn
950 2731 1116 2830 quodam
1141 2731 1280 2807 sacro*

126 2925 129 2926 γ
169 2867 297 2931 narrat
329 2859 368 2933 αἱ
400 2855 536 2934 θυσίαι
569 2856 643 2933 ἀνὰ
670 2845 799 2934 πᾶσαν
823 2856 968 2956 ἡμέραν
994 2851 1158 2933 θύονται
1183 2856 1248 2931 καὶ
1282 2875 1285 2884 “

116 3003 120 3008 ’
169 2976 333 3080 τράπεζα
367 2975 588 3077 παράκειται
623 2985 744 3073 κρεῶν
777 2976 841 3052 καὶ
866 2966 1073 3076 πεμμάτων
1097 2971 1246 3076 πλήρης.

144 3097 384 3171 ¹Athenaeus
416 3095 479 3170 lv.
515 3096 598 3168 172.
634 3092 673 3167 C.
726 3093 928 3182 Πανύασις
959 3095 1133 3197 περὶτῆς
1157 3098 1244 3195 παρ’

170 3209 391 3324 Αἰγυπτίας
423 3214 763 3318 disponebantur
776 3216 958 3320 διηγεῖται
984 3217 1103 3321 λέγων
1127 3217 1244 3295 πολλὰ

170 3337 241 3438 μὲν
267 3325 452 3417 ἐπιθεῖναι
476 3338 673 3437 πέμματα,
699 3335 1075 3427 victimisvidelicet,
1100 3337 1247 3436 dequo
1305 3347 1310 3356 ’
1370 3363 1373 3368 ·

243 3576 289 3648 [k]
317 3597 343 3632 v.
368 3578 506 3648 Spanbsnr.
533 3576 567 3630 sd
595 3576 662 3630 Call.
691 3577 729 3630 H.
752 3578 781 3630 in
804 3578 864 3632 Del.
887 3576 950 3632 283.
974 3583 1002 3631 et
1028 3576 1063 3630 sd
1088 3576 1159 3630 Plut.
1185 3573 1246 3630 659.

173 3648 283 3701 Varro
313 3649 426 3702 tradit
455 3666 524 3702 esse
553 3654 618 3701 tarn
645 3648 820 3719 Apollinis
848 3665 944 3733 quarn
967 3648 1042 3702 filii
1066 3649 1143 3716 ejus
1167 3663 1248 3699 aras

172 3734 236 3770 non
260 3719 339 3772 Deli
363 3725 495 3772 tentum
524 3718 582 3771 sed
606 3723 641 3770 et
666 3719 699 3771 in
726 3720 886 3789 plurimrs
913 3719 1017 3782 loeis,
1045 3717 1130 3788 apud
1160 3734 1247 3787 quos

174 3789 314 3843 hostiae
345 3806 409 3842 non
441 3789 634 3843 caedentur
671 3789 968 3844 sedsonsustudo
997 3790 1045 3841 sit
1073 3787 1168 3842 deum
1194 3805 1248 3842 oo·

151 3859 353 3914 «ieiunitate
378 3877 513 3931 precum
537 3860 712 3914 venerari.

245 3944 292 4021 [¹]
322 3947 458 4007 Draconis
475 3948 588 4002 edietum
620 3947 654 4000 de
684 3946 820 4002 sacrifieiis
845 3947 987 4001 incruentis
1030 3964 1060 4000 ro
1084 3947 1147 4000 ficto
1176 3947 1249 3999 ducit

175 4017 332 4071 bleinersins
353 4019 381 4072 in
401 4019 470 4072 Hist.
493 4019 577 4074 Liter.
603 4019 638 4072 Τ.
662 4019 807 4089 11.p.19.
831 4035 883 4071 uno
906 4018 952 4072 sed
975 4037 993 4072 v
1020 4018 1062 4073 ‘do
1083 4023 1249 4088 argumento,

142 4101 145 4108 ·
175 4089 245 4156 quod
261 4089 307 4142 ille
323 4091 352 4143 in
367 4090 446 4144 rebus
463 4091 546 4144 ueris
561 4090 664 4146 omnino
682 4090 779 4145 nullm
795 4091 880 4159 legem
897 4089 1021 4145 sanxerit.
1042 4161 1048 4171 Ι
