2975 4884
255 251 332 327 802
576 261 721 345 clena
746 260 1004 316 sncuuous.

254 401 351 519 quae
383 419 600 515 eedemmsi
626 420 1134 519 aphilosophodicerenhrr
1158 441 1235 493 non
1262 421 1326 494 ob-

254 540 417 617 lectandi
449 552 559 613 carisa
592 539 661 624 sed
692 540 851 614 docendi
876 552 914 614 et
939 539 1235 630 demonstrandi,
1256 540 1327 614 hi-

253 680 331 758 gus
347 659 529 733 afferrent
581 659 678 735 Nam
703 664 895 759 utriusque
919 662 1010 734 artis
1033 662 1202 755 regiones
1225 659 1280 730 ita
1301 679 1329 739 ¹a

243 791 389 856 xnatura
419 778 600 852 discretae
631 793 736 871 sunt,
768 793 812 855 ut
842 782 962 878 neque
987 788 1138 878 poetam
1164 779 1326 851 feramus

254 902 553 979 ratiocinatorem
586 923 704 998 neque
734 902 958 1000 philosopho
990 901 1120 990 liceat,
1146 920 1242 995 quae
1268 920 1328 970 co·
1378 925 1384 931 ’

255 1019 407 1116 ςίῑοιιδο
446 1023 621 1117 consequi
657 1043 735 1093 non
772 1024 910 1120 possit,
947 1018 1160 1095 mentiendo
1194 1016 1327 1091 adum-

255 1141 373 1215 brare.
404 1142 405 1147 ’
443 1137 611 1229 Quarum
646 1163 771 1216 rerum
810 1141 1025 1215 coniirsione
1058 1151 1149 1237 quot
1183 1138 1327 1235 opinio-

255 1282 345 1333 num
377 1271 550 1356 portenta
580 1269 671 1334 nata
702 1262 795 1353 sint,
832 1262 1002 1359 exempla
1026 1258 1327 1360 praesentissima

255 1379 399 1455 dooenc

615 1653 617 1665 ’
724 1663 757 1760 §-
812 1663 869 1736 14.

357 1863 507 1936 Etenim
538 1867 572 1937 si
603 1869 686 1965 quis
718 1867 921 1943 secundum
955 1865 1145 1964 Orpheum
1172 1874 1329 1936 ceteros·
1405 1926 1411 1938 .

96 1960 103 1965 ⁹
141 2089 143 2093 .
257 2006 328 2080 que
357 1987 607 2081 ,mysticarnn
638 1988 859 2082 religionum
892 1996 1098 2086 sequestres
1117 1980 1240 2057 'sitam
1266 2000 1327 2055 su·

255 2106 474 2201 perstitione
509 2107 698 2204 opplevit,
730 2131 926 2206 rerumque
957 2088 1181 2209 naturaiium
1212 2105 1331 2176 scien·

258 2225 350 2313 tiam
383 2223 432 2296 ad
449 2222 737 2301 ‘divinationem
763 2232 974 2317 revocavit,
1008 2232 1042 2301 is
1068 2228 1166 2300 'certe
1191 2224 1354 2319 Pytha·¹
1417 2281 1425 2291 .

257 2366 364 2440 goras
397 2343 488 2434 fuit,
526 2346 630 2440 cujus
654 2346 855 2421 fanaticam
880 2351 921 2421 in
946 2345 1243 2444 philosophando
1269 2367 1328 2418 ra-

257 2452 398 2538 tionem
430 2477 468 2538 et
495 2478 637 2540 veteres
663 2466 827 2541 caullati
852 2463 990 2562 sunt[¹]
1017 2476 1056 2537 et
1079 2465 1191 2536 hodie
1205 2475 1327 2537 osten-

147 2610 185 2683 Ἰ
250 2596 358 2676 λαοί,
390 2607 484 2681 quae
515 2586 552 2657 ei
583 2584 815 2676 tribuuntsn,
848 2584 1084 2683 prodigiosae
1110 2595 1148 2655 et
1171 2584 1329 2681 inexpli-
1400 2612 1402 2615 ·

259 2704 396 2779 cahiies
421 2707 626 2779 sententiae
651 2717 762 2802 atque
788 2696 988 2801 congruum
1012 2705 1070 2779 his
1096 2701 1243 2776 dicendi
1267 2726 1328 2799 ge-

258 2847 327 2899 nus
361 2825 465 2901 velut
498 2847 546 2897 ex
578 2825 694 2921 adyto
730 2837 768 2899 et
800 2811 981 2925 tripode
1014 2823 1159 2898 Harum
1185 2834 1329 2897 senten-

259 2948 393 3019 tiarum
417 2957 540 3041 quote
569 2969 658 3045 pars
684 2946 823 3021 abillo
849 2949 932 3045 ipso
959 2946 1221 3041 Pythagoricae
1246 2945 1328 3042 phi-

260 3067 452 3162 losophiae
483 3067 651 3166 principe
682 3068 850 3167 profecta
882 3069 951 3156 sit,
990 3065 1195 3140 dIscernere
1227 3063 1329 3137 haud

260 3274 407 3336 terpretaus
430 3265 555 3337 τοιαύτην
578 3268 653 3340 τινα,
687 3266 792 3341 inquit>
812 3275 918 3336 παίζειν
941 3268 1057 3329 παιδιὰν
1081 3267 1129 3323 τὸν
1152 3268 1250 3345 ἑαυτοῇ
1272 3271 1327 3322 Δία

197 3361 199 3369 ’
258 3333 429 3409 Ἡράκλειτος
444 3340 526 3409 λέγει,
543 3339 571 3393 id
588 3344 630 3393 est
653 3339 707 3415 εὔφ
726 3347 853 3398 αίνεσθαι
869 3347 901 3417 τῇ
917 3337 1048 3409 διοικήσει
1064 3343 1118 3393 τοῖν
1136 3342 1227 3392 καλῶν
1244 3339 1277 3391 cf.
1294 3339 1327 3396 Ρ.

261 3408 341 3461 Petit.
366 3407 478 3462 Observ·
502 3427 526 3464 c.
552 3409 594 3462 18.
618 3410 676 3465 137.
737 3431 826 3467 eornm
852 3413 885 3466 de
903 3412 991 3466 Mathe
1017 3416 1044 3464 et
1065 3411 1168 3462 Venere
1191 3409 1329 3463 cachinnos

261 3478 349 3533 mundi
367 3480 607 3535 consummationem
623 3482 773 3552 significare
789 3484 947 3537 Heraclidae
963 3481 1077 3535 suboluit
1094 3498 1116 3532 c.
1133 3480 1177 3532 69.

332 3562 395 3635 [¹]·
408 3563 552 3639 Σωκράτης
569 3566 723 3642 φασμάτων
739 3572 787 3625 ναὶ
804 3569 1019 3642 δεισιδαιμονίας
1035 3569 1145 3639 ἔμπλεα
1158 3563 1333 3639 φιλοσοφίανΙ

262 3633 317 3689 ἀπὸ
335 3634 504 3712 Πυθαγόρου
523 3641 569 3692 καὶ
582 3639 798 3712 Ἐμπεδοκλέους
819 3637 966 3710 δεξάμενος
989 3629 1020 3692 οὗ
1041 3635 1117 3709 μάλα
1143 3640 1326 3707 βεβακχευμέ-

263 3723 314 3771 νην
337 3706 471 3763 Plutarch.
489 3710 556 3762 Gen.
575 3711 649 3763 Socr.
667 3711 716 3764 IX.
734 3712 795 3764 312.
820 3712 854 3763 T.
870 3710 910 3766 Χ.
926 3710 1094 3780 Pythagorae
1118 3726 1146 3761 τε
1165 3705 1254 3772 meuc
1278 3721 1327 3759 σθ·

263 3780 332 3846 φίαν
349 3778 454 3845 sugillat
469 3780 612 3849 Xenophon
628 3782 724 3851 inJEp.
743 3780 765 3833 Ι.
784 3782 819 3834 ad
835 3783 999 3849 Aeschinsp.
1020 3779 1059 3831 17.
1086 3780 1125 3831 ed.
1171 3778 1226 3830 rell.
1252 3792 1327 3843 quem

261 3847 345 3899 heum
362 3850 493 3920 excerpsit
510 3852 669 3905 Theodorei.
687 3852 803 3939 Therap.
822 3851 881 3905 XII.
905 3870 931 3922 p.
951 3850 1026 3903 1052.
1049 3857 1076 3902 et
1098 3849 1216 3901 Timonis
1239 3858 1328 3898 versus
1393 3888 1397 3897 .

263 3935 305 3986 ap.
322 3917 391 3970 Plut.
404 3919 528 3973 V.·Num.
543 3940 565 3974 c.
579 3923 655 3975 VIII.
673 3928 843 3999 Πυδαγορην
860 3923 891 3978 δὲ
908 3919 1006 3993 γόητας
1022 3916 1193 3975 ἀποκλίναντ’
1213 3917 1260 3970 ἐπὶ
1277 3910 1327 3968 δό-

263 3991 323 4071 ξας,
351 3984 422 4061 θήρῃ
450 3990 490 4044 ἐπ’
521 3989 677 4064 ἀνθρώπων
707 3997 888 4067 asperaceler
914 3987 1050 4065 ὀαριστήν.
1095 3990 1136 4042 Of.
1165 3985 1336 4040 Doederlein*

265 4013 832 4133 Ammsdv.deThslet.ethth.p.135.
894 4120 898 4125 ,
1266 4110 1268 4117 ,
