2975 4884
560 305 833 359 cerurci.
1021 347 1025 354 .
1109 288 1233 367 '885

160 460 230 549 do,
264 472 394 535 vetant
426 460 524 555 leges
565 458 744 557 publicae.
808 459 868 532 De
899 462 1054 557 figurato
1087 461 1233 539 dicendi

158 600 306 675 genere,
345 603 418 678 quo
461 578 672 654 sacerdotes
712 581 753 651 in
795 580 930 655 scholis
970 583 1137 677 mysticis
1174 589 1248 675 usi

157 698 414 798 perhibentur,
441 700 516 773 alio
542 701 728 773 locutam
755 700 873 773 multa
905 701 1019 776 allata
1051 715 1155 793 sunt,
1187 719 1231 780 ut

157 821 216 892 hic
241 821 334 892 nihil
359 842 508 894 necesse
533 819 712 918 pluribus·
727 821 923 916 explicare,
949 844 1066 918 quamv
1088 825 1229 919 exiguis

155 939 196 1011 id
229 940 411 1013 limitibus
451 942 765 1037 circumscriptum
800 940 921 1015 fuerit.
974 941 1050 1015 Sed
1085 942 1131 1015 de
1157 942 1229 1039 Py·

154 1060 411 1154 thagoreorum
461 1060 663 1153 symbolice
704 1059 813 1133 dictis
853 1061 979 1158 paullo
1023 1066 1228 1138 accuratius

156 1178 409 1254 disserendum
437 1182 518 1269 erit,
545 1182 719 1278 quoniam
740 1192 778 1254 et
794 1181 1021 1275 Pythagoras
1037 1182 1227 1281 Orpheum

153 1304 194 1373 in
219 1299 386 1375 docendo
412 1301 620 1393 aemulatus
646 1323 727 1373 esse
752 1290 981 1399 creditur[⁰],
1008 1313 1046 1374 et
1071 1326 1117 1375 ex
1134 1306 1226 1401 ipsis

154 1422 333 1519 exemplis
359 1440 491 1516 magna
517 1432 674 1520 apparet
696 1422 887 1520 utriusque
912 1421 1128 1496 similitudo.

597 1696 648 1795 s.
704 1699 761 1770 ιι.

255 1902 484 1999 Porphyrius
519 1900 562 1974 V.
596 1899 638 1978 P,
668 1925 697 1972 c
730 1898 828 1976 XLI.
857 1923 902 1971 ex
927 1900 1139 1975 Aristotelis
1163 1904 1225 1976 vel

151 2022 347 2098 Aristoclis
383 2020 479 2094 libre
504 2020 595 2092 haec
620 2021 853 2114 Pythagorae
878 2022 970 2092 scita
995 2018 1123 2091 refert:
1151 2023 1224 2095 ἕλε-

150 2148 197 2250 γέ
218 2174 305 2221 τινα
330 2143 393 2218 καὶ
411 2150 589 2240 ,μυστικῷ
613 2138 741 2240 τρόπῳ
767 2144 1020 2239 συμβολικῶς·
1049 2140 1131 2217 οἷον
1155 2139 1225 2236 τὴν

148 2264 357 2343 θάλασσαν
389 2259 458 2359 μὲν
494 2258 611 2336 ἐκάλει
644 2261 739 2338 εἶναι
764 2258 915 2361 1(ρόιίου
942 2257 1130 2361 δάκρυον,
1156 2259 1225 2345 τὰς

151 2384 197 2463 dd
230 2387 390 2482 ἄρκτους
412 2380 518 2465 Ῥέας
545 2387 693 2480 χεῖρας,
727 2380 797 2477 τὴν
829 2379 879 2456 dd·
905 2378 1076 2458 Πλειάδα
1109 2390 1223 2458 Μου-

153 2515 234 2583 σῶν
260 2502 398 2604 λύραν,
431 2501 519 2586 τοὺς
544 2498 586 2576 δὲ
611 2497 801 2596 πλάνητας
826 2498 942 2586 κύνας
967 2499 1221 2602 Περσεφόνης.
1330 2508 1333 2523 ’

150 2623 290 2699 Pliadis
316 2644 400 2694 cum
426 2618 678 2717 heptachordo
699 2619 891 2692 Musarum
920 2624 1147 2718 comparatio
1175 2620 1223 2694 ad
1345 2694 1351 2701 ,

151 2740 429 2839 intelligendum
456 2752 512 2813 est
537 2732 834 2837 expeditissima3
866 2760 985 2836 neque
999 2741 1224 2834 ineleganter

64 2874 68 2879 “
152 2867 216 2940 ille
251 2876 393 2961 septem
426 2861 569 2948 sidera,
604 2842 736 2957 quibus
768 2852 946 2934 mortales
977 2870 1153 2955 reguntur
1161 2855 1223 2956 [¹¹],

153 2987 394 3083 Proserpinae
426 2980 604 3053 satellites
636 2981 806 3069 vocavit,
843 2983 1008 3054 omnium
1041 3002 1134 3077 quae
1168 2981 1223 3051 lu·
1322 3073 1326 3079 ι

154 3130 225 3181 nae
250 3105 384 3179 circulo
410 3101 575 3197 subjecta
599 3112 687 3172 sunt
712 3092 986 3191 moderatricis}
1010 3101 1223 3197 quominus

156 3226 288 3301 cauSae
320 3235 416 3313 erat,
451 3244 515 3295 cur
547 3221 703 3295 Vossius
736 3220 797 3293 De
822 3219 950 3292 idolol.
977 3223 1022 3293 Π.
1049 3220 1108 3293 31.
1134 3220 1221 3292 462.

153 3342 391 3418 dablonskius
430 3342 567 3414 Parth.
605 3340 767 3436 Prolegg.
807 3364 843 3439 p.
884 3341 962 3413 LlI.
996 3339 1222 3421 Schmidtius

39 3496 43 3503 ·
155 3465 215 3537 De
239 3463 377 3537 sacerd.
403 3463 560 3559 Aegypt
584 3486 622 3559 p.
648 3462 710 3534 71.
737 3462 875 3559 aliique
899 3462 1148 3557 Pythagoram
1174 3460 1221 3531 il-

154 3585 230 3658 lam
257 3584 493 3658 Planetarum
520 3582 808 3679 appellationem
834 3580 882 3653 ab
909 3580 1101 3679 Aegyptiis
1128 3576 1222 3650 didi-

120 3850 123 3857 .
156 3804 481 3859 samothracischeu
513 3803 707 3871 Mysterieu
740 3803 939 3863 variamen,
978 3801 1053 3852 sind
1085 3802 1140 3852 iirr
1170 3801 1220 3852 iu·

157 3876 258 3930 disch
290 3890 328 3927 uu
352 3873 521 3927 erklaren.
557 3873 630 3925 eave
653 3873 764 3926 dubites.

227 3946 274 4014 [θ]
300 3943 434 3998 lamblich.
453 3945 483 3994 V.
502 3944 532 3996 Ρ.
550 3943 666 3996 28.151.

204 4013 277 4139 ὣς]
306 4013 410 4071 “Ouiae
428 4016 590 4086 ιὶμαρμένης
607 4014 634 4068 οἱ
656 4011 764 4083 ἀστέρες
787 4012 896 4065 Hermes
916 4010 989 4063 suu.
1010 4010 1072 4064 uel.
1093 4011 1112 4063 1.
1130 4010 1161 4075 6,
1179 4009 1220 4062 w.

158 4104 175 4156 P
