2975 4884
581 251 858 336 onrnrcl.
1153 240 1251 315 1029

177 404 539 502 suspicionemnon
566 373 768 478 annalium
790 399 881 496 lide,
913 393 981 481 red
1014 407 1248 503 comicorum
1326 509 1329 515 .

131 565 134 570 -
174 525 398 616 testimoniis
430 525 511 597 niti
550 523 606 596 ,ld
630 547 754 613 vero,
778 549 891 624 quum
917 550 1028 626 super
1051 533 1110 606 his
1129 536 1246 611 ‚rebus

175 655 525 734 commentaremur,
558 665 789 742 nequaquam
822 645 929 721 obliti
953 672 1098 743 sumus,
1111 709 1114 714 .
1128 656 1247 752 neque
1329 714 1332 723 Ι
1423 711 1455 744 .,

174 764 261 838 huic
290 764 532 852 fundamento
557 763 768 863 quidquam
784 768 963 865 uamplius
994 771 1246 858 inaedificavi-

173 908 278 975 mus,
304 886 371 959 scd
396 886 615 982 simpliciter
638 886 737 957 inter
761 907 865 959 sacra
890 887 937 960 ab
957 887 1272 988 Atheniensibus
1325 953 1327 958 .

148 1019 150 1022 ’
174 1007 400 1080 extrinsecus
428 1018 592 1081 assumta
627 1002 795 1098 Cotyttia
824 1008 1036 1101 retulimus,
1071 999 1161 1086 non'
1180 1013 1268 1086 ads

174 1126 312 1222 scripto
340 1123 481 1218 Comici
506 1127 674 1214 nomine,
700 1127 986 1232 quiaumnibus
1005 1145 1137 1206 notum
1163 1156 1244 1207 erse
1332 1114 1335 1120 ¹

173 1246 345 1320 sciebam.¹
395 1248 492 1323 Nam
518 1247 566 1321 de
591 1243 824 1342 Eupolideae
854 1246 1004 1325 fabulae
1029 1264 1244 1347 argumento

174 1388 268 1463 quae
300 1365 422 1443 afferri
461 1373 636 1465 possunt,
676 1365 760 1460 jam
801 1364 943 1442 dudum
983 1393 1007 1442 a
1047 1371 1244 1461 Politiano,

174 1486 342 1579 urano,
367 1489 565 1583 Scaligero,
583 1485 787 1580 Lessingio,
814 1497 852 1560 et
873 1487 1105 1564 aluvenalis
1123 1493 1243 1565 ‘'inter-

122 1685 124 1694 χ
173 1608 339 1704 pretibus
364 1619 441 1681 tam
469 1608 663 1701 diligenter
687 1605 839 1680 collecta
860 1621 958 1699 sunt,
984 1624 1026 1683 ut
1041 1634 1160 1710 neque
1177 1635 1243 1707 ego

61 1760 67 1766 ·
173 1729 427 1802 testimonium
452 1729 570 1801 ullum
597 1724 746 1798 abillis
779 1731 1079 1824 praetermissum
1106 1731 1244 1805 addere

172 1849 379 1946 potuerim,
403 1869 522 1944 neque
547 1846 624 1919 viri
648 1841 766 1946 docti,
800 1847 862 1941 qui
887 1859 975 1942 post
999 1872 1059 1921 me
1085 1852 1243 1925 eundem

171 1980 376 2043 tractarunt
391 1969 527 2056 locum,
549 1965 734 2052 Struvius‚
755 1964 1013 2058 Buttmannus,
1025 1969 1244 2044 Meinekius.

274 2087 406 2161 Cetera
439 2109 534 2184 qnae
561 2087 633 2159 lruc
656 2086 845 2183 pertinent
868 2088 909 2158 in
933 2100 1144 2162 transcursu
1170 2089 1245 2161 dici

76 2281 80 2290 ,
172 2220 340 2309 possunt.
397 2207 643 2280 Buttmannus
668 2206 708 2276 in
733 2204 834 2278 Dies.
867 2206 1067 2306 ‹le-Baptis
1092 2222 1140 2283 *et
1173 2206 1243 2282 Co·
1340 2283 1347 2296 ,

143 2415 148 2422 ¹
175 2331 297 2424 tyttiis
321 2349 463 2403 novam
489 2328 736 2420 conjecturam
758 2327 798 2400 in
811 2326 985 2403 medium
1007 2329 1141 2419 attulit,
1166 2330 1244 2404 Eu-

174 2450 280 2549 polin
307 2445 480 2540 Colyttus
505 2447 656 2519 nominc
684 2468 760 2519 non
787 2442 939 2556 Cotytto
972 2449 1039 2523 sed
1073 2447 1243 2523 Cererem

174 2572 396 2666 significasse
421 2567 668 2657 Eleusiniam,
706 2567 753 2639 ab
779 2567 972 2641 Alcibiade
995 2570 1244 2667 profanatam,
1372 2569 1378 2580 “

176 2700 327 2787 totaque
358 2689 429 2760 hac
459 2685 588 2759 fabula
620 2687 713 2759 nihil
750 2686 852 2759 aliud
886 2690 1021 2783 egisse,
1058 2712 1170 2787 quam
1200 2692 1244 2762 nt'

174 2808 386 2907 improbum
424 2805 519 2879 illud
552 2805 760 2896 Po‘lytionis
801 2810 1015 2883 convivium
1039 2809 1274 2898 derideret

174 2929 235 3003 De
260 2949 371 3002 causa
395 2928 478 3023 ipsa
504 2947 598 3022 quae
624 2934 768 2999 veteres
795 2920 1055 3021 prodiderunt,
1082 2930 1123 3000 in
1147 2928 1189 3000 L.
1215 2927 1242 2998 Ι.

176 3046 270 3147 ξ.·7.
296 3047 469 3144 exposui,
506 3044 604 3116 unde
635 3054 738 3139 patet
769 3044 938 3119 homines
970 3048 1113 3143 aliquot
1136 3058 1243 3144 petu-

176 3169 352 3243 lantiores
384 3166 533 3254 secisse,
569 3161 669 3260 quod
701 3162 763 3236 vel
795 3166 931 3237 nostris
965 3167 1096 3239 seculis
1129 3169 1241 3240 inter-

176 3287 266 3360 dum
291 3289 389 3360 inter
415 3288 504 3361 vina
525 3285 663 3357 factum
690 3293 764 3373 est,
795 3286 1056 3378 mysteriorum
1082 3289 1174 3360 ritus
1200 3298 1243 3359 ut

176 3410 408 3481 imitarentur
435 3415 473 3477 et
498 3402 731 3477 sacerdotum
758 3403 925 3494 habitus,
957 3419 1098 3501 gestus,
1126 3381 1240 3483 uoces

175 3526 333 3599 ridiculo
366 3523 478 3599 modo
512 3523 731 3617 effingerent.
782 3525 841 3602 Ex
876 3526 945 3598 hoe
977 3549 1067 3601 vero
1104 3536 1240 3598 extem-

176 3647 299 3745 porali
321 3635 431 3734 ludo,
460 3646 524 3741 qui
548 3645 616 3718 vix
640 3666 707 3739 per
732 3644 863 3716 horam
888 3656 1137 3740 spectatorum
1162 3645 1240 3716 ani-

176 3789 258 3842 mos
284 3768 421 3854 tenuit,
455 3763 502 3836 ab
529 3762 611 3834 aliis
636 3765 761 3856 nugis,
785 3774 837 3836 ut
867 3765 924 3854 fit,
960 3765 1009 3837 ad
1041 3765 1133 3838 alias
1166 3776 1240 3836 tra·
1366 3767 1371 3778 '

176 3887 324 3978 ductos,
351 3907 424 3984 quo
450 3882 562 3957 modo
588 3881 716 3955 fabula
740 3905 872 3955 scenae
896 3898 985 3983 apta
1009 3888 1083 3958 seri
1106 3895 1241 3982 potue-

177 4011 245 4096 rit,
278 4029 346 4079 nec
370 4007 450 4102 ipse
477 4003 656 4102 explicuit
679 4003 942 4094 Buttmannus,
975 4026 1042 4078 nec
1073 4007 1241 4102 cuiquam
