2975 4884
253 246 354 345 1252
437 289 459 321 =
604 275 741 332 trena
770 272 982 330 rrrrrus.
1021 296 1023 301 <

187 466 190 473 ¹
253 460 470 518 concurrere
502 433 696 524 videntur,
740 457 835 533 quae
860 435 894 507 si
918 432 1114 508 revolvere
1139 428 1331 528 usquead

253 559 426 648 exordia,
452 558 486 630 si
511 579 627 631 unum
652 556 761 629 illum
785 555 1005 652 Methapuur
1030 577 1053 626 e
1076 551 1230 627 latebris
1254 551 1332 625 suis

254 704 383 757 eruere
408 699 616 777 possemus,
641 676 802 749 fortasse
827 677 943 749 totius
962 675 1087 771 operis
1105 670 1334 777 clandestina

254 802 397 876 fabrica
429 811 467 871 et
491 796 782 892 Lycomidarum
815 819 897 870 curn
925 794 1076 894 Orpheo
1102 804 1142 867 et
1166 814 1249 866 cum
1274 813 1333 866 sa·

256 943 404 997 crurum
446 915 725 992 Cabiriaoorum
765 928 804 989 et
837 913 1047 988 Cerealium
1081 912 1333 1021 conditoribus
1391 932 1396 941 ¹

257 1041 481 1139 conspiratio
508 1035 857 1141 deprehenderetur.
899 1035 1006 1109 Nunc
1031 1033 1181 1132 quidem
1207 1055 1252 1106 eo
1277 1055 1335 1105 re·

247 1160 356 1236 dacti
380 1180 528 1246 sumus,
559 1170 604 1232 ut
628 1158 885 1231 testimonium
912 1155 962 1230 ad
986 1157 1149 1254 speciem
1173 1152 1336 1251 locuple-

77 1296 80 1303 “
203 1319 209 1333 ·
258 1282 444 1371 tissimum
470 1278 576 1352 velut
600 1280 688 1351 sicci
712 1279 871 1350 uansire
886 1298 1060 1373 cogamur
1072 1264 1226 1374 propter
1240 1274 1336 1347 The·

258 1400 441 1477 banorum
469 1394 708 1487 Cabirorum,
734 1417 827 1494 quos
852 1409 1001 1494 praeter
1025 1396 1248 1501 Pausaniam
1272 1416 1337 1467 ne·

166 1530 172 1539 ‘
258 1542 323 1594 mo
373 1518 569 1614 quisquam
610 1528 896 1605 commemorat,
936 1510 1199 1590 obscuritatem
1237 1535 1338 1588 sum·

259 1659 372 1713 mam.
422 1637 519 1712 Nam
552 1634 654 1734 quod
685 1636 859 1709 nonnulli
889 1636 1103 1710 existimant
1134 1656 1239 1710 sacra
1270 1623 1339 1708 θεὲ
1466 1720 1469 1731 ¹

229 1851 231 1854 y
261 1757 469 1834 methraeie
505 1781 526 1829 e
551 1756 710 1854 Boeotia
741 1756 921 1829 translata
953 1777 1035 1831 esse
1060 1778 1084 1829 a
1108 1755 1269 1852 Pelasgis
1294 1755 1340 1828 il·

259 1876 320 1966 lis,
345 1877 409 1973 qui
434 1899 458 1950 a
482 1877 635 1955 Boeotis
660 1876 752 1952 victi
768 1873 936 1950 Athenas
961 1889 1231 1967 concesseruut,
1255 1876 1341 1950 hinc

260 1996 463 2087 Lemnum,
488 1997 655 2077 Imbrum
681 2007 720 2069 et
733 1995 1000 2069 Samothracen
1018 1999 1199 2093 emigrare
1224 2000 1341 2101 coacti

260 2118 367 2207 sun't,
400 2117 560 2198 obtineri
592 2139 667 2193 non
701 2126 838 2215 potest.
888 2117 1038 2190 Etenim
1065 2118 1130 2192 illa
1154 2119 1241 2217 ipsa
1264 2104 1342 2194 He-

261 2236 387 2316 rodoti
412 2239 622 2338 conjectura
630 2232 687 2336 [⁵]‚
721 2236 982 2314 Samothraces
1008 2241 1113 2333 orgia
1137 2261 1208 2313 sua
1231 2239 1342 2313 al’e·

261 2356 374 2451 leugis
407 2356 690 2437 Atheniensium
727 2355 917 2454 quondam
940 2360 1132 2459 inquilinis
1158 2361 1342 2457 accepisse
1476 2434 1477 2452 Ν

263 2498 334 2572 per
367 2497 409 2548 se
440 2498 517 2555 nou
548 2478 633 2573 plus
667 2475 770 2569 valet
794 2498 907 2573 quarn
933 2478 1172 2554 Stesimbroti
1197 2482 1342 2574 scitum,

265 2591 419 2670 Cabirus
459 2619 481 2669 e
518 2595 680 2690 Phrygia
720 2593 947 2673 deducentis.
1009 2599 1111 2673 Inter
1145 2599 1342 2674 Thebanos
1476 2620 1477 2633 ¹

264 2736 355 2789 vero
391 2709 547 2789 Cabirus
579 2726 617 2787 et
650 2714 929 2791 samothracios
955 2730 1013 2791 est
1032 2719 1187 2817 'quidem
1213 2723 1342 2799 simili-

264 2833 357 2909 tudo
383 2833 566 2933 quaedam
593 2834 660 2910 sed
685 2837 899 2928 invecticia,
924 2851 968 2912 ut
991 2839 1153 2931 videtur,
1178 2863 1254 2913 non
1279 2864 1343 2915 na-

265 2957 356 3031 tiva.
407 2957 498 3057 Illos
524 2979 609 3030 oum
642 2959 765 3032 Matre
790 2961 815 3033 i.
842 2984 873 3039 e,
899 2983 985 3034 cum
1012 2957 1145 3035 Cerere
1171 2963 1243 3039 coli
1268 2975 1343 3037 tra·

137 3161 141 3169 ,
236 3122 239 3127 -
266 3075 323 3148 dit
347 3077 552 3153 Pausanias
577 3124 629 3134 -
655 3079 767 3160 ὁποῖά
794 3086 896 3158 ἐστιν
921 3084 1049 3167 αὐτοῖς
1081 3084 1146 3159 καὶ
1178 3093 1224 3184 τῇ
1249 3092 1342 3181 Μη-

265 3196 327 3297 τρὶ
363 3197 408 3273 τὰ
441 3194 618 3298 δρώμενα
650 3245 701 3256 -
742 3198 905 3289 Quinam
938 3203 1051 3296 igitur
1081 3203 1211 3278 fuere?
1251 3225 1344 3276 num

151 3407 155 3413 ,
267 3327 366 3408 tres,
407 3340 500 3417 quos
539 3318 736 3398 Acusilaus
777 3332 815 3395 et
854 3320 1084 3416 Pherecydes
1123 3338 1343 3417 memorant,
1476 3410 1477 3415 Ν

409 3552 475 3630 [Διί]
492 3575 597 3643 &eruce
612 3558 660 3611 sul
677 3556 855 3631 πρωτογόνου
872 3558 983 3632 κούρας·
999 3559 1048 3617 eu
1064 3565 1138 3634 uoci

410 3631 561 3693 Μεσσηνην
577 3632 669 3681 θεῖναι
684 3624 836 3700 μεγάλαισι
850 3637 967 3693 θεαῖσιν,
977 3631 1073 3704 ἀγῶνα

409 3693 544 3756 eredere
561 3700 687 3756 Κλείνοεο
704 3695 780 3769 γόνῳ
796 3696 926 3756 Καύκωνι
943 3699 1066 3759 διδοῦσαν
1082 3712 1133 3763 etc.

270 3796 338 3849 quae
355 3782 390 3836 ad
406 3801 489 3839 meam
506 3785 659 3839 seutentiam
677 3786 779 3839 correxi
805 3803 855 3839 non
880 3795 912 3842 nt
936 3796 1031 3860 poetae
1054 3810 1155 3847 rnauurn
1179 3792 1344 3848 restituerem

268 3851 316 3904 sed
332 3859 363 3904 nt
379 3870 471 3909 remm
492 3861 604 3926 patuet.
637 3857 758 3926 Apparet
781 3856 850 3910 uine·
865 3857 1027 3915 Mercurium
1051 3863 1150 3917 deabus
1174 3865 1290 3934 mageis,
1313 3872 1345 3918 ut

270 3922 485 3993 Sanotbmciae,
510 3927 660 3996 adjunctum
677 3926 767 3997 unce
1476 3932 1477 3973 ἶ

341 4040 387 4112 [b]
420 4061 445 4097 r.
462 4044 592 4102 Niebuhr.
609 4045 680 4104 atet.
691 4045 772 4102 Reor.
791 4047 826 4102 T.
843 4049 865 4103 1.
883 4048 927 4106 st.
944 4051 997 4107 lea.
1015 4052 1052 4108 Π.
