2975 4884
100 225 103 231 ¹
234 253 345 334 1028'
560 264 704 323 urana
729 269 990 325 sucuuuus.
1110 337 1113 342 Ι
1151 292 1155 314 .

234 402 390 535 proptor
415 428 518 504 rucis
544 426 663 524 ipsius
687 424 886 520 ingenium·
901 423 1020 496 morto
1041 405 1128 499 vert
1150 413 1310 497 sommus

236 553 403 640 videtur,
435 548 567 621 licebit
585 544 695 618 nobis
726 543 828 617 idem
862 543 1028 634 credere,
1061 542 1164 640 quud
1197 542 1336 615 Atlrc·'

237 674 421 748 niensium
445 667 547 742 haud
572 661 1128 764 paucoseredidissceonstat.·
1153 663 1214 736 De
1232 660 1311 735 Co-

237 795 420 867 micorum
446 785 520 860 lide
543 788 585 858 in
602 787 825 861 uuiversum
857 784 961 858 valet
993 783 1132 872 adbuc,
1166 777 1312 882 opinor,

241 912 341 1013 quod
366 887 433 984 diu
457 907 578 982 valuit

254 1101 259 1109 .
327 1051 450 1126 Eupolis
471 1057 559 1124 atque
580 1044 716 1104 Cratinus
736 1040 1000 1121 Aristophanesque
1021 1054 1141 1120 poetae,

327 1155 354 1210 si
375 1154 439 1228 quis
461 1160 524 1208 erut
545 1148 651 1228 dignus
673 1146 816 1219 describi,
829 1145 915 1221 'quod
933 1131 1028 1206 malus
1050 1158 1101 1208 aut
1121 1148 1184 1219 fur,

328 1254 406 1332 quod
425 1251 562 1311 moechus
583 1251 661 1309 loret
673 1258 733 1308 aut
754 1250 875 1305 sicarius
897 1260 948 1308 aut
969 1251 1079 1327 alioqui

328 1358 466 1428 famosus,
486 1355 578 1413 mrrlta
600 1372 664 1410 cunr
685 1352 821 1409 libertate
841 1351 993 1424 notabant,

217 1482 321 1566 'uon
350 1493 445 1564 lictis
478 1488 655 1566 ludebant
686 1485 842 1575 fabulis,
882 1507 960 1559 non
989 1508 1113 1576 vana,
1144 1486 1330 1568 inaudita

165 1599 170 1610 ⁸
224 1611 284 1687 ‘et
314 1632 385 1710 pro
425 1609 657 1683 incredibilia
696 1604 746 1678 ad
784 1601 967 1703 populum
1009 1606 1210 1684 afferebant
1250 1610 1317 1681 cri-

245 1735 360 1807 mina
418 1729 558 1806 Verum
589 1738 735 1815 tomen,
770 1728 804 1799 si
836 1727 993 1825 Eupolis
1027 1727 1219 1808 Socratem
1251 1740 1323 1802 aut.

246 1853 423 1925 Periclem
448 1861 515 1925 aut
539 1849 655 1921 alium
682 1848 895 1944 quempiam
917 1851 1084 1921 virorum
1106 1850 1318 1938 illustrium,

247 1994 405 2071 quorum
434 1972 517 2044 vita
548 1967 656 2042 nobis
689 1977 867 2062 tanquam
898 1970 999 2064 picta
1031 1969 1170 2046 tabella
1194 1967 1318 2068 patet,

247 2091 358 2187 hujus
382 2089 513 2188 probri
543 2087 812 2175 insimulasset,
845 2108 922 2159 nun
955 2090 1093 2161 crimen
1124 2089 1219 2166 illud
1250 2088 1319 2163 sed
1433 2182 1443 2189 ³

176 2245 179 2248 “
247 2202 449 2311 petulantis
478 2209 592 2303 jurgii
631 2209 840 2282 convicium
871 2207 1071 2284 videretur.
1128 2211 1189 2285 Do
1220 2210 1321 2286 Alci·

248 2330 362 2406 biade
395 2339 520 2401 autem
557 2329 707 2424 ejusque
739 2331 931 2427 ἐρασταῖς,
967 2353 1081 2428 quum
1103 2332 1198 2406 nibil
1223 2333 1319 2427 ejus-

249 2447 357 2526 modi
380 2445 573 2545 proditum
598 2449 648 2518 sit
675 2447 775 2543 quod
808 2447 1026 2547 dissipatam
1062 2431 1321 2549 abEupolide

250 2569 391 2641 famam
417 2569 625 2662 extinguat,
660 2567 780 2640 multa
804 2592 899 2666 quae
924 2573 1158 2661 confirment,
1183 2581 1321 2661 manet,

252 2711 354 2789 quac·
364 2688 482 2763 semel
496 2686 675 2784 adspersa
690 2699 749 2759 est
767 2702 805 2761 et
821 2693 927 2787 quasi
942 2693 1170 2768 inveteravit
1186 2697 1228 2768 in
1240 2695 1321 2789 ejus

251 2811 404 2891 nomine
434 2809 590 2882 macula.
619 2794 684 2880 ·Si
711 2811 796 2905 quis
823 2823 947 2883 autem
973 2813 1046 2884 huc
1071 2813 1249 2903 declinet,
1273 2823 1324 2886 ut

251 2933 391 3005 crimen
414 2932 539 3028 ipsum
564 2928 713 3027 quidem
739 2929 852 3024 vulgo
882 2932 1066 3025 jactatum
1091 2956 1173 3008 esse
1197 2953 1323 3008 conco

106 3117 113 3121 .
253 3052 337 3142 dat,
370 3050 438 3123 sed
462 3048 557 3123 illud
581 3071 624 3122 se
651 3047 822 3124 dubitare
852 3054 1071 3148 profiteatur
1102 3075 1192 3128 num
1222 3053 1322 3127 Alci-

117 3187 120 3194 ’
253 3169 382 3243 biodes
409 3169 489 3242 dies
512 3170 630 3243 festos
657 3166 830 3262 Cotyttus
862 3176 1023 3269 turpiter
1041 3177 1214 3269 agitasse
1247 3197 1323 3246 crc-

254 3287 355 3361 ditus
386 3290 453 3378 sit,
485 3290 578 3362 mibi
610 3299 677 3388 aut
709 3312 943 3365 communem
974 3315 1164 3369 sacrorum
1197 3294 1325 3369 dumo-
1464 3335 1486 3374 ·,

204 3405 234 3446 ·‘
255 3409 433 3484 sticarum
466 3421 505 3481 et
529 3409 810 3506 pervigiliarum
835 3410 974 3486 famam
994 3416 1169 3508 ignorare
1195 3417 1325 3492 autin

253 3490 957 3623 re'miuimoNrncredibili'Pyrrboncrn
983 3556 1091 3627 agore
1128 3534 1325 3612 videbitur.

255 3645 360 3737 Quae
385 3665 498 3746 quum
523 3650 579 3721 ita
602 3649 694 3737 sint,
720 3671 841 3723 nemo
855 3654 907 3726 in
937 3666 1130 3751 posterum
1153 3657 1326 3755 ‚postula-
1454 3635 1486 3678 ’Ν

256 3765 331 3855 bit,
356 3778 416 3856 ut,
441 3790 535 3866 quae
561 3766 608 3839 do
634 3764 811 3861 Cutyttiis
836 3770 932 3845 dixit
955 3774 1133 3872 Eupolis,
1164 3788 1330 3875 praeter*

256 3906 385 3962 eamus
410 3893 585 3986 tanquam
609 3888 750 3962 indicta
774 3902 813 3963 et
845 3892 1032 3985 inaudita3
1068 3895 1136 3969 sed
1164 3898 1238 3972 boc
1260 3898 1326 3971 ali-
1359 3910 1362 3917 '

257 4008 341 4105 quis
372 4006 458 4101 J‘uro
494 4029 562 4081 suo
601 4010 784 4106 postulet,
820 4025 863 4086 ut
897 4016 1202 4106 meminerimus,
1232 4020 1328 4096 haue
