2975 4884
397 1316 1240 1469 nrlnnnnun'n

535 1586 538 1592 ἱ
567 1618 615 1681 ad
644 1616 681 1686 C.
710 1615 780 1684 111.
820 1622 850 1698 ᾗ.
877 1621 908 1682 2.
940 1625 1024 1680 not.
1050 1633 1081 1696 g.

287 1819 622 1963 Leontopodinn‚
666 1869 820 1951 herbam
861 1871 1061 1964 magicam,
1101 1877 1246 1964 practer
1289 1863 1370 1940 elin

289 1989 443 2061 numina
477 1991 671 2084 magnifica
703 2001 742 2062 et
774 1989 999 2082 symbolica,
1024 1987 1252 2088 Δαμναμὲνη
1279 1979 1368 2084 (sic)

207 2133 211 2141 ·
291 2111 437 2197 vocari,
477 2107 635 2182 traditur
667 2111 707 2182 in
738 2109 873 2185 Nuthis
905 2107 1135 2183 Dioscuridis
1173 2108 1215 2179 L.
1240 2104 1302 2177 IV.
1336 2130 1367 2178 c.

296 2228 378 2300 131.
414 2254 451 2326 p.
486 2229 571 2302 233.
604 2240 643 2301 et
679 2231 719 2301 in
753 2230 871 2304 literis
908 2230 1082 2329 Ephesiis
1122 2224 1293 2300 Clemens
1328 2236 1368 2297 et

295 2346 503 2442 Hesychius
529 2350 622 2449 hacc
646 2350 811 2423 referunt
827 2354 950 2440 ’Άσκι,
976 2346 1157 2437 Κατάσκι,
1182 2347 1267 2435 Λίξ,
1298 2346 1367 2422 Te'-

295 2473 406 2563 τοαξ,
449 2468 735 2566 Δαμναμονεύς,
777 2472 841 2568 qui
877 2482 1000 2543 utrum
1034 2466 1127 2540 nudi
1159 2467 1296 2539 fuerint
1328 2478 1367 2539 et

296 2585 398 2656 sine
423 2600 572 2660 mente
597 2591 714 2677 s'uni,
739 2611 788 2662 an
812 2588 1019 2684 Magorum,
1051 2610 1210 2684 quorum
1234 2609 1368 2683 perve-

297 2714 357 2776 tus
381 2703 523 2801 Ephesi
556 2707 758 2797 habitatio,
791 2709 975 2783 vocabula
1006 2707 1225 2797 vernacula,
1247 2705 1369 2779 adhuc
1412 2771 1415 2775 ,

296 2847 373 2898 nun
398 2825 642 2923 exploratum.
693 2829 893 2902 Fnrmulae
916 2828 1097 2922 magicae,
1124 2808 1217 2924 quae
1242 2825 1370 2898 dicun-

298 2954 376 3033 tur,
402 2947 672 3043 utplurimum
698 2951 863 3022 exoticas
888 2960 1011 3038 erant,
1040 2949 1187 3044 ipsique
1209 2946 1370 3021 Romani

299 3077 443 3139 veteres
468 3068 685 3164 inscriptum
712 3071 817 3143 ostiis
836 3067 952 3147 Arse
977 3067 1166 3164 verse[⁸]
1192 3065 1276 3162 plus
1301 3086 1368 3139 ve-

204 3197 207 3201 ’
299 3183 375 3257 lere
410 3182 460 3257 ad
493 3186 759 3283 compescenda
789 3186 961 3261 incendia
994 3184 1228 3263 crediderunt
1253 3207 1366 3281 quam

300 3304 334 3375 si
373 3303 536 3401 eandem
562 3306 847 3382 detestationem
879 3307 1085 3393 vernaculis
1117 3302 1368 3378 reddidissent

301 3423 429 3497 literis.
487 3423 549 3499 Ad
581 3426 739 3500 alterum
769 3449 883 3521 genus
915 3424 1150 3500 referendum
1175 3436 1232 3497 est
1256 3445 1367 3497 sunn-
1456 3426 1468 3449 ⁸

374 3643 424 3713 [θ]
450 3663 475 3698 v.
492 3645 576 3698 Lenzi
594 3647 675 3717 Sngg.
693 3649 727 3700 Τ.
745 3647 781 3699 Π.
799 3644 860 3701 490.
887 3646 985 3700 Graeci
1002 3645 1076 3698 ostiis
1092 3644 1269 3698 inscribebant
1293 3647 1367 3703 εἴςο-

236 3730 237 3733 ’
303 3711 384 3773 dcc&
406 3718 466 3783 οθῷ
484 3716 596 3788 δαίμονι
611 3734 637 3769 v.
655 3734 726 3787 supr.
746 3717 778 3769 Ο.
794 3717 827 3769 V.
846 3721 871 3783 5.
888 3717 915 3770 9.
939 3716 982 3769 vel
1004 3713 1019 3770 ὁ
1044 3717 1093 3769 τοῦ
1110 3710 1176 3775 Διὸς
1199 3719 1264 3773 παῖς
1282 3709 1368 3797 ‘an-

303 3784 366 3845 κλῆς
383 3733 405 3837 ἔ
416 3788 568 3846 καλλίνικος
585 3783 678 3841 ἐνθάδ’
698 3790 781 3856 οἰκεῖ,
799 3787 887 3857 μηδὲν
904 3788 989 3847 sucre
1007 3781 1093 3840 κακόν
1108 3803 1135 3839 v.
1152 3783 1263 3852 Diogen
1279 3782 1366 3851 Epist.
1387 3838 1393 3841 ,

304 3852 365 3905 Vll.
383 3853 424 3905 ed.
443 3855 561 3909 Boisscn.
579 3857 606 3909 in
624 3858 754 3910 Mennscr.
778 3857 848 3909 Bibl.
870 3857 936 3927 Irnp.
961 3856 995 3913 Τ.
1013 3855 1048 3908 Χ.
1071 3872 1098 3924 p.
1116 3852 1178 3909 246.
1202 3852 1307 3920 Meneg.
1331 3851 1367 3904 ed

304 3921 382 3990 Diog.
410 3923 460 3977 La.
483 3926 528 3978 VI.
552 3927 578 3978 5.
600 3925 644 3980 89.
677 3927 853 3996 Frequentius
874 3927 975 3980 foribus
1000 3924 1113 3995 appositi
1136 3920 1245 3997 ῥύτορες
1266 3923 1367 3975 dallei

303 3992 448 4061 (Hesych.)
471 3992 625 4067 κουροθάὶη
650 3998 749 4067 (Etym.
768 3997 822 4065 Μ.)
844 3993 937 4069 uniusve
958 3995 1101 4065 (Hesych.)
1119 3995 1180 4047 elba
1196 3992 1365 4064 spimknen-

261 4119 263 4122 ,
303 4059 449 4134 οεφόνιον)
473 4071 501 4118 et
519 4065 571 4118 ulia
588 4067 661 4120 iulis.
