2975 4884
559 268 833 361 orrares.
1158 248 1235 327 969

133 447 137 452 ’
161 430 295 526 rancis
319 426 374 501 ait
399 435 529 503 auctor
553 428 761 523 argumenti
785 427 826 498 in
851 418 1004 499 Theocr.
1030 446 1067 520 p.
1088 421 1125 497 4.
1152 424 1236 499 Sui·

7 608 8 619 ,
146 544 253 653 das:
275 547 361 626 Ἀπὸ
388 546 449 633 δὶς
473 547 567 627 ἑπτὰ
592 545 791 647 κυμάτων,
818 545 892 622 ἀπὸ
917 554 1134 648 μεταφορᾶς
1157 554 1236 625 τῶν

7 624 9 783 l
164 667 383 767 inludente
414 667 716 768 καθαιρομένων.
760 656 962 739 Pausanias
986 665 1033 737 ll.
1060 664 1237 738 slsore

7 788 8 857 l
160 798 261 869 stem
308 809 377 887 per
416 809 555 862 novem
574 816 577 821 ’
597 785 827 859 Tmezenios
847 776 1065 883 'purgatum
1111 783 1236 859 tradit.

165 902 266 995 Quin
300 909 417 981 etiam
452 905 562 996 deos,
594 906 837 994 Mercurium,
861 904 1072 981 Minervam
1103 917 1142 978 et
1174 903 1237 980 Jo-

163 1048 253 1100 vern
278 1028 403 1124 ipsum
434 1028 529 1102 hanc
562 1014 717 1127 operam
751 1023 864 1123 caede
896 1025 1048 1122 pollutis
1079 1048 1238 1101 navasse
1321 1092 1323 1100 ,

31 1128 35 1141 “
165 1145 366 1243 perhibent
395 1146 571 1249 Apollod.
603 1148 649 1220 Π.
686 1144 719 1219 l.
755 1142 790 1220 5.
842 1143 974 1219 Aesch.
1006 1145 1115 1220 Eum.
1148 1145 1262 1223 438.

163 1265 233 1340 sed
253 1268 396 1354 nullum
422 1270 550 1344 vatem
573 1278 638 1341 aut
661 1264 893 1340 sacerdotem
917 1266 1147 1357 immiscent,
1172 1289 1235 1340 ex·

165 1389 274 1483 cepto
300 1387 401 1486 quod
427 1385 725 1483 Chrysothemis,
742 1486 743 1491 Ἰ
760 1409 867 1483 quem
893 1386 1064 1461 nonnulli
1088 1386 1238 1462 vatibus
1327 1466 1330 1473 Δ

165 1489 349 1598 inserunt,
386 1506 600 1607 Apollinem
627 1508 748 1579 occiso
773 1504 953 1601 Pythone
967 1506 1125 1583 solvisse
1149 1505 1240 1581 dici·-

166 1639 227 1701 tur
253 1627 374 1703 Schol.
400 1629 506 1702 Pind.
530 1631 572 1700 in
595 1626 759 1722 Argum..
773 1626 880 1720 Pyth.
912 1648 951 1727 p.
976 1624 1064 1702 485.
1115 1626 1238 1724 Heyn.
1481 1698 1482 1701 ,

166 1749 271 1843 cujus
297 1751 337 1822 in
361 1749 486 1822 locum
508 1749 575 1820 alii
599 1741 863 1819 Carmanorem
884 1748 964 1842 ejus
986 1758 1130 1843 patrem
1153 1747 1240 1822 suh'-
1381 1792 1383 1796 -
1481 1728 1482 1801 ἒ

28 1852 30 1855 ’
72 1963 74 1967 .
165 1878 310 1963 rogant.
341 1891 379 1942 v.
404 1869 512 1942 Paus.
536 1865 584 1939 X.
610 1865 647 1938 7.
673 1863 878 1963 Crotopum
899 1863 1023 1937 Lutat.
1049 1865 1099 1938 ad
1124 1865 1238 1940 Theb.

165 1987 195 2059 I.
228 1986 314 2064 570.
1219 1985 1222 1995 '
1319 1982 1321 1997 ’

268 2108 354 2181 Hae
379 2119 506 2182 autem
529 2105 677 2180 fabulae
703 2103 753 2177 ad
776 2101 877 2177 idem
900 2103 1113 2204 exemplum
1133 2106 1240 2179 fictae

7 2318 8 2321 Ἴ
154 2214 385 2300 ¹confirmant
422 2226 464 2299 id
497 2226 598 2326 qnod
630 2226 780 2322 saepius
812 2225 1053 2314 iteravimus,
1093 2234 1240 2300 veteres
1286 2264 1289 2271 ·

165 2324 471 2446 mythographos‘
499 2350 540 2421 in
573 2345 764 2421 tradendis
796 2322 950 2418 heroum
983 2343 1097 2418 rebus
1127 2347 1239 2441 gestis

169 2465 403 2541 tantumdem
424 2468 521 2563 juris
544 2469 769 2556 exseruisse,
795 2476 972 2564 quantum
997 2465 1120 2561 poetis
1144 2477 1241 2539 esset

169 2568 313 2679 datum,
338 2600 382 2661 ut
406 2590 536 2687 paucis
561 2589 656 2678 illis,
688 2607 784 2684 quae
810 2584 858 2658 de
889 2586 1065 2682 quusque
1089 2587 1250 2659 nomine-

169 2719 209 2782 et
231 2710 354 2808 patria
379 2685 584 2806 antiquitus
613 2706 754 2780 tradita
784 2700 925 2796 essent,
960 2704 1163 2801 adjicerent
1194 2706 1241 2779 de

168 2850 238 2902 suo
263 2820 443 2926 quidquid
468 2827 517 2902 ad
542 2827 813 2902 absolutionem
834 2827 960 2922 justae
982 2825 1160 2899 historiae
1184 2849 1242 2899 re·

51 2968 67 2980 *
171 2950 388 3046 quireretnr,
413 2947 526 3047 idque
546 2947 745 3045 plerosque
770 2957 847 3019 tam
873 2943 1242 3041 exiguaelaborasse

7 3138 10 3175 ι
169 3069 348 3159 sollertia,
372 3081 417 3141 nt
443 3088 571 3142 omnes
595 3066 674 3139 fere
687 3066 819 3154 heroes
843 3063 976 3138 eodem
996 3063 1111 3137 modo
1128 3068 1243 3157 nasei,

173 3189 323 3267 educari
342 3201 381 3263 et
407 3188 543 3263 iisdem
565 3186 614 3261 ad
636 3183 859 3262 exulandum
879 3187 1001 3259 causis
1020 3185 1166 3283 impelli
1180 3188 1243 3262 vi-

172 3309 338 3385 deamus.
390 3308 491 3400 Quas
522 3330 583 3382 res
618 3305 668 3381 ad
700 3328 805 3379 suam
839 3329 1021 3404 quemque
1047 3306 1242 3381 libidinem

172 3433 322 3506 linxisse
344 3431 412 3505 illo
431 3432 516 3528 ipso
536 3428 707 3502 Herculis
727 3427 899 3524 exemplo
916 3424 1104 3516 docemur,
1130 3448 1241 3524 quem

174 3551 241 3625 alii
264 3554 305 3624 in
329 3551 543 3646 majusculis
569 3550 756 3643 mysteriis
781 3548 970 3644 expiatum
995 3548 1156 3637 tradunt,
1177 3548 1243 3620 alii

172 3673 215 3744 in
232 3671 458 3760 minusculis,
479 3669 647 3744 nonnulli
668 3692 693 3743 a
713 3669 887 3758 Musaeo,
912 3691 1000 3765 pars
1022 3668 1068 3742 ab
1088 3668 1242 3744 Eumol·
1332 3718 1335 3725 »

173 3790 250 3889 po,
271 3814 426 3888 quorum
445 3792 504 3865 cui
520 3791 756 3888 potissimum
778 3787 1004 3865 credendum
1029 3789 1098 3879 sit,
1122 3790 1241 3863 iness-
1349 3782 1354 3795 ¹

176 3932 260 3985 sum
286 3915 428 4011 quaerit
451 3911 666 3988 Larcherus.
