2975 4884
550 291 821 367 onrurucl.
1001 308 1004 313 ⁴
1141 282 1219 356 867

140 447 355 519 inchoatum
377 467 459 520 esse
475 447 617 543 primis,
643 447 707 543 qui
724 469 836 544 quum
851 450 906 521 ita
918 459 1131 546 statuerent,
1154 480 1216 530 re-

140 588 226 639 rum
254 565 436 667 vocabula
461 565 647 638 naturalia
672 587 752 638 esse
778 580 816 640 et
841 592 888 641 ex
912 571 1071 646 veritate
1096 573 1216 666 ducta,

142 708 369 783 consequens
394 697 474 760 erat
500 695 554 774 ut,
581 706 654 781 qua
679 683 727 757 de
753 709 864 762 causa
890 688 1053 788 quidque
1076 694 1130 765 ita
1152 718 1217 793 ap-

142 806 345 904 pellaretur
379 806 563 903 explicata
595 807 757 879 nominis
791 810 930 903 origine
955 811 1107 908 planum
1134 814 1217 887 red-

144 924 234 998 dere
259 934 487 999 conarentur.
532 926 630 1021 Ergo
657 947 797 1023 corpus
815 927 1015 1004 humanum
1043 945 1216 1031 corrupto

143 1068 237 1120 sono
272 1056 382 1147 σῶμα
414 1044 487 1119 dici
520 1047 736 1135 voluerunt,
773 1048 870 1144 quod
898 1062 995 1122 esset
1020 1055 1136 1124 animi
1161 1075 1217 1128 se-

142 1166 242 1265 pulti
266 1167 373 1263 quasi
399 1176 517 1266 σῆμα,
551 1152 707 1240 iniiam
732 1179 857 1240 autem
884 1170 930 1242 ab
958 1170 1128 1268 eoquod
1155 1183 1216 1250 λο-

143 1287 212 1383 ξὴν
238 1284 302 1365 tois
326 1288 490 1359 mitteret
515 1298 552 1361 et
578 1300 698 1360 cetera
722 1288 946 1382 hujusmodi.
998 1288 1092 1379 Sed,
1127 1313 1216 1389 quo·

144 1408 247 1491 niam
274 1405 420 1479 difficile
445 1418 525 1480 erat
551 1410 715 1480 omnium
742 1406 940 1483 verborum
963 1408 1084 1483 dicere
1103 1412 1217 1485 ratio·

144 1548 232 1615 nes,
267 1525 438 1620 Cratylus
462 1527 528 1600 ille
553 1527 834 1623 Pythagoricus,
867 1551 975 1624 quem
1002 1529 1107 1602 Plato
1134 1553 1218 1628 per-

145 1649 310 1742 stringit,
341 1649 579 1744 potissimum
604 1648 755 1722 divinae
781 1647 929 1721 dialecti
953 1649 1216 1746 speciminibus
1284 1746 1291 1755 Ι

145 1768 285 1840 insistit
310 1766 358 1839 ab
383 1765 548 1840 Homero
574 1768 744 1865 proditis,
770 1767 869 1863 quod
894 1771 1033 1841 nemini
1059 1768 1216 1843 dubium
1289 1814 1290 1817 π

147 1907 228 1960 esse
253 1889 385 1984 possit,
412 1886 502 1959 deos
527 1885 738 1959 nominibus
765 1890 820 1960 uti
844 1889 903 1975 iis,
931 1909 1026 1984 quae
1054 1891 1216 1962 maxime

147 2007 223 2078 sint
260 2008 437 2103 euJusque
476 2009 530 2078 rei
571 2008 742 2103 propria,
784 2029 951 2103 quaeque
992 2008 1136 2104 optima
1180 2020 1217 2080 et

145 2111 474 2222 praestantissima.
499 2124 627 2220 Neque
652 2126 816 2199 novitios
841 2124 1003 2214 demum,
1028 2138 1070 2199 ut
1088 2125 1218 2200 Astius

145 2255 274 2342 putat,
299 2245 567 2339 Pythagoreos,
592 2267 616 2317 a
641 2243 795 2318 deorum
821 2243 976 2317 diademo
1003 2259 1217 2340 argumenta

146 2363 301 2437 duxisse
331 2366 393 2439 vel
427 2363 647 2459 Pherecydis
680 2365 894 2439 testimonio
922 2376 1081 2454 constat,
1107 2389 1219 2464 quam

149 2483 336 2580 Diogenes
369 2484 508 2558 dixisse
539 2485 651 2558 refert
683 2487 741 2562 ὅτι
767 2489 803 2563 οἱ
826 2486 912 2563 θεοὶ
936 2483 1005 2582 τὴν
1029 2484 1218 2587 τράπεζαν

147 2604 307 2704 θυωρὸν
339 2614 504 2705 καλοῦσι.
566 2606 627 2678 Dc
659 2628 732 2703 que
765 2604 922 2702 probare
955 2626 1031 2677 non
1063 2629 1219 2704 possum

149 2722 250 2821 quod
276 2723 444 2798 Sturzius
470 2726 628 2821 scripsit,
654 2725 867 2822 philosophi
891 2725 1111 2797 sententiam
1136 2747 1218 2820 per-

149 2865 257 2917 verse
281 2856 470 2943 acceptam
497 2867 588 2934 esse,
613 2867 771 2940 eumque
795 2854 872 2916 no'n
897 2842 1099 2940 quamlibet
1117 2863 1220 2914 men-

149 2983 230 3036 sam
262 2966 414 3037 nomine
445 2961 599 3064 θυωρός
630 2965 831 3058 significare
864 2961 1030 3036 voluisse
1062 2961 1129 3034 sed
1155 2982 1220 3034 an-

149 3081 310 3158 clebrem
336 3084 451 3157 Pben
466 3083 527 3156 Fr.
553 3082 677 3181 p.·89.
704 3087 756 3178 (p.
782 3080 859 3178 83.)
884 3080 980 3154 Nam
1005 3081 1077 3152 hoc
1095 3090 1219 3154 sumto

149 3203 299 3276 nullum
328 3203 448 3279 divini
479 3215 517 3276 et
548 3203 703 3276 humani
734 3202 916 3275 sermonis
941 3199 1139 3274 discrimen
1162 3223 1220 3272 re-

18 3428 20 3443 *
152 3323 342 3422 linquitur,
368 3345 480 3422 quum
505 3321 658 3431 θυῳρός
683 3325 723 3395 in
748 3321 892 3417 vulgari
910 3343 1055 3420 quoque
1068 3341 1221 3395 consue-
1290 3394 1293 3397 ,

151 3509 248 3562 Glauci
265 3516 350 3564 autam
367 3510 449 3564 barba
466 3509 554 3563 divina
570 3516 658 3562 tantm
675 3516 716 3561 ost
733 3516 866 3562 auctorum
890 3525 1027 3562 consensus
1049 3515 1079 3560 ut
1102 3506 1145 3558 vel
1170 3503 1220 3555 hoc

152 3581 348 3634 aestimantibus
365 3589 492 3651 appareat
513 3579 654 3649 rejicienda
678 3596 736 3631 ease
760 3596 827 3648 qnae
852 3579 939 3633 Sobel.
963 3580 1031 3632 Plat.
1056 3595 1083 3645 p,
1101 3573 1161 3627 421.
1186 3572 1220 3626 de

151 3652 226 3704 fonte
242 3651 444 3705 immortalitatis
461 3660 566 3715 narrat3
589 3667 674 3719 neque
690 3649 736 3701 illa
757 3666 842 3701 annua
865 3649 976 3702 lamenta
999 3645 1112 3714 antiquie
1131 3644 1218 3697 Grae·

152 3720 193 3772 cia
209 3722 341 3787 vexaudita
362 3723 442 3775 briaae
467 3722 588 3775 arbitror.
630 3720 754 3773 Ceterum
785 3720 819 3773 do
843 3719 971 3788 Polyido,
999 3715 1117 3779 Glauco,
1147 3712 1219 3802 Tylo

153 3790 278 3844 Maeonio
294 3791 386 3844 fabula
403 3792 507 3857 eadem3
525 3792 590 3861 'I'yli
606 3791 756 3844 medicinam
767 3790 882 3843 Nonum
894 3789 977 3841 XXV.
995 3785 1055 3839 525.
1084 3789 1151 3846 Διος
1166 3800 1220 3869 αντ

152 3866 204 3921 θος
220 3870 313 3927 vocat,
337 3862 468 3916 Xanthum
484 3863 587 3931 Lydum
651 3878 726 3926 uene,
751 3868 781 3913 ut
822 3866 877 3912 atet
896 3877 911 3911 e
929 3858 995 3910 Plin.
1019 3855 1103 3910 XXV.
1127 3856 1152 3909 5.
1176 3856 1222 3907 ubr

152 3931 236 3984 herba
254 3932 343 3995 belis
360 3933 462 4002 (Etym.
481 3934 518 3987 bl.
538 3934 597 3987 186.
605 3879 671 4001 nii)
688 3933 764 3986 borno
816 3930 916 3999 bylon
934 3927 1086 3981 nominatur.
1120 3925 1221 4012 badam

152 4003 265 4056 fortasse
289 4010 329 4056 ert
357 4004 489 4056 Baetae
512 4003 663 4075 prodigiosa
685 4002 774 4073 plaute
792 4018 865 4071 quae
889 3999 1022 4053 daemonia
1045 3997 1153 4069 expelbt
1176 3996 1223 4048 Jo-

131 4072 225 4142 faeph.
244 4073 310 4126 Bell.
328 4073 388 4126 Jud.
405 4074 466 4126 Vll.
484 4074 511 4127 6.
526 4073 552 4129 8.
