2975 4884
563 259 836 315 ORPHICA.
1156 245 1229 321 991

162 420 223 495 1v.
264 418 347 493 119.
409 416 576 492 Tertium
602 414 787 514 quendam
812 416 1037 511 Dionysium
1062 418 1260 502 Samium.

161 542 224 619 vel
255 537 442 614 Rhodium
484 538 653 612 nominat
685 535 839 627 διοίσει,
877 559 1034 635 eumque
1066 541 1231 641 ἱστορίας

162 659 335 751 tenende,
370 657 586 763 περιήγησιν
617 659 854 757 οἰκουμένης,
888 669 924 729 et
950 659 1120 760 ἱστορίαν
1144 687 1231 737 παι-

161 778 335 878 δουτικήν
359 781 562 878 scripsisse,
588 801 746 875 quorum
761 778 941 853 librorum
954 780 1091 868 nuilus,
1117 801 1231 877 quan«

160 914 242 976 tum
276 925 322 974 ex
353 900 471 973 titulis
498 899 659 994 judicari
683 909 824 997 potest,
851 918 933 971 cum
958 904 1232 995 argumentis‘a

65 1041 68 1050 ’
159 1021 329 1096 Diodoro
364 1022 529 1093 tractatis
563 1022 748 1114 congruit,
784 1041 935 1117 prorsus
967 1032 1010 1092 ut
1041 1020 1139 1095 hu'ne
1165 1023 1231 1096 Sa-

159 1145 278 1218 mium
320 1140 366 1214 ab
406 1140 474 1214 hac
506 1143 721 1237 quaestione
752 1138 1014 1235 segregandum
1047 1139 1231 1232 ducerem,
1298 1205 1300 1210 .

159 1265 234 1336 nisi
265 1283 411 1335 moram
444 1260 591 1360 iaceret⁸
613 1258 825 1333 Athenaeus
851 1259 1018 1333 Samium
1045 1263 1230 1359 quendam

159 1384 385 1476 Dionysium
420 1385 460 1457 ἐν
486 1389 563 1466 τοῖς
584 1382 671 1481 περὶ
695 1378 833 1457 κύκλου
862 1390 998 1453 testem
1026 1381 1228 1474 advocans,

160 1524 255 1600 quae
288 1523 347 1574 res
361 1502 463 1574 *vnis
490 1483 609 1572 doctis
634 1501 883 1596 suspicionem
908 1500 1102 1598 praebuit,
1128 1503 1227 1577 hunc

159 1645 242 1697 esse
274 1621 576 1719 cyclographum,
613 1621 715 1714 cujus
747 1623 903 1714 vestigia
934 1634 1110 1718 sequatur
1135 1623 1229 1697 Dio·

161 1737 342 1840 dorus[¹¹].
367 1738 451 1813 Jam
477 1738 727 1836 dispiciamus,
754 1741 901 1811 cuinam
927 1740 1059 1814 horum
1076 1745 1235 1840 scriptu¹

158 1887 243 1938 rum
276 1862 436 1936 maxime
469 1860 666 1933 conveniat
696 1857 897 1933 Diodorus.
956 1858 1016 1930 De
1041 1874 1230 1956 postremo

161 1985 284 2060 Schol.
324 1982 413 2054 Eur.
454 1979 615 2054 Phuenn.
651 1979 761 2053 1110.
802 1974 999 2063 Διονύσιος
1030 1983 1071 2056 ἐν
1104 1978 1129 2056 ά
1161 1992 1231 2059 τοῦ

161 2104 278 2184 ύκλου
298 2099 341 2200 [¹]
374 2098 524 2200 βύρσαν
549 2100 667 2178 αὑτὸν
703 2097 874 2195 (Argum)
903 2100 1113 2200 ἠμφιέσθαι
1138 2102 1231 2201 φησὶ

160 2226 228 2304 καὶ
260 2221 383 2321 κύκλῳ
414 2222 457 2298 τὸ
492 2230 602 2321 σῶμα
633 2220 722 2299 ὅλον
755 2223 1037 2319 ὥμμοιτῶσθοιι,
1071 2219 1140 2293 hoc
1173 2230 1231 2294 est

157 2346 259 2445 pelle
295 2344 440 2417 clavata
475 2343 556 2414 sive
589 2341 745 2414 ocellata
778 2339 948 2414 indutum
973 2340 1088 2414 fuisse
1104 2363 1231 2440 eoque

160 2466 322 2564 speciem
358 2462 538 2536 centoculi
569 2460 802 2558 praebuisse,
835 2482 930 2558 quae
954 2457 1117 2559 perfecte
1144 2487 1225 2539 con·

161 2596 295 2682 gruunt
320 2605 405 2656 cum
430 2584 657 2680 pragmatica
681 2580 894 2655 fabularum
908 2583 1228 2681 interpretatione3

160 2729 280 2804 neque
315 2704 408 2778 alius
440 2702 646 2794 Dionysius
680 2724 761 2774 esse
794 2701 944 2777 videtur
976 2705 1040 2801 qui
1074 2703 1228 2801 spartos

160 2838 304 2923 gentem
337 2821 531 2894 Boeotiam
556 2821 671 2893 fuisse
697 2824 827 2895 statuit
853 2823 936 2897 Sch.
963 2846 998 2896 v.
1025 2822 1111 2900 670.
1162 2824 1228 2897 Al·

234 3026 275 3098 [h]
303 3026 343 3079 Ad
361 3025 429 3078 hunc
446 3024 559 3077 Samium
575 3024 670 3093 primus
689 3023 871 3078 animadvertit
887 3026 1051 3079 Weichertus
1064 3027 1097 3079 de
1107 3027 1227 3098 Apellen.

161 3118 187 3172 p.
208 3099 266 3152 179.
289 3096 381 3150 deinde
391 3095 546 3181 ⁸Boeckhius
563 3095 605 3180 ad·
614 3094 701 3147 Schol.
718 3093 794 3147 Pind.
811 3093 900 3178 Istium.
920 3096 972 3148 ΠΙ.
983 3114 1021 3181 ιρ.
1040 3095 1099 3150 587.
1124 3104 1151 3150 et
1172 3098 1225 3152 Pa-

161 3162 545 3304 iifkiA‘irsiiiissuisii
558 3164 1226 3311 tissistsittstis.¹¹s⁸t¹;i.isis

116 3321 118 3325 '
159 3329 188 3383 p.
205 3310 230 3363 8.
248 3327 287 3378 eq.
304 3309 463 3361 Athenaeum
481 3323 582 3360 errasse
599 3311 703 3371 censet,
726 3323 803 3374 quum
825 3323 872 3377 pro
891 3307 995 3361 Milesio
1014 3312 1158 3365 nominaret
1174 3312 1226 3364 Sa·
1321 3307 1325 3314 '

160 3383 247 3435 mium
282 3381 342 3432 Hoc
358 3395 421 3431 vero
438 3383 479 3431 est
495 3385 601 3448 optare,
627 3377 816 3446 conprobare.
914 3435 916 3440 ⁴

231 3482 271 3556 [i]
300 3471 397 3537 Nescio
415 3480 532 3536 cuidem
549 3481 615 3533 liber
632 3484 774 3551 Στέφανος
790 3481 934 3551 appelletur
955 3499 971 3535 a
988 3483 1136 3555 Nicephoro
1153 3484 1225 3538 Hist.

160 3556 238 3611 Beel.
255 3555 288 3608 X.
305 3553 348 3607 86.
364 3569 391 3623 p.
408 3552 451 3604 89.
474 3547 624 3622 ἀποχρήσει
639 3556 696 3611 τοῖς
712 3547 794 3621 τάχος
808 3552 879 3606 ἰδεῖν
895 3552 1108 3624 (mythologiam)
1124 3557 1226 3622 βουλο-

160 3632 255 3700 μένοις
271 3623 286 3679 ὅ
304 3642 333 3678 τε
347 3623 543 3695 Ἀριστοτέλους
558 3624 673 3689 πέπλος,
698 3619 713 3675 ὁ
732 3624 880 3676 Διονυσίου
898 3628 1033 3698 στέφανος
1052 3628 1099 3679 ιιοιλ
1123 3622 1138 3679 ὁ
1161 3631 1225 3681 Πο-

160 3694 313 3785 λυμνήμων
326 3691 465 3765 Ῥηγίνου·
493 3693 539 3744 ubi
559 3693 714 3745 Wouwerus
736 3691 835 3762 Polym,
857 3689 953 3747 XXIV.
974 3693 1035 3748 282Ί
1075 3697 1226 3751 Διονυσίου

161 3770 259 3829 uvales
275 3765 401 3818 emendet.
418 3763 551 3831 Rheginos
568 3762 613 3815 ille
630 3779 672 3833 ap.
690 3762 785 3816 Tzetu.
808 3763 880 3817 crit.
900 3764 1000 3817 XVIII.
1023 3761 1084 3818 469.
1125 3766 1226 3838 Isigoni

160 3835 314 3892 sententiam
330 3837 412 3888 refert
428 3833 461 3886 de
478 3833 570 3886 ovibus
587 3832 739 3897 auricomis,
764 3833 883 3903 idemque
904 3834 932 3886 in
955 3829 1044 3891 Schol.
1070 3835 1136 3905 Lyc
1162 3839 1224 3892 177.

159 3912 209 3964 τοῦ
225 3908 409 3980 Πολυίστορος
421 3899 597 3976 Ἀλεξάνδρου
614 3905 661 3956 ιιολ
673 3900 879 3977 Ἀπολλοδώρου
897 3905 944 3959 κοιλ
957 3900 1079 3976 Ῥηγίνου
1097 3911 1146 3964 τοῦ
1161 3914 1224 3964 Πο-

161 3975 334 4051 ὶυμνῆμονος
360 3978 408 4030 καὶ
432 3973 597 4062 Ἀρτέμωνος
617 3975 674 4056 τοῦ,
688 3978 873 4047 Περγαμηνοῦ
902 3976 948 4030 xci
971 3975 1154 4053 Κασσάνδρου
1175 3982 1225 4035 τοῦ

159 4051 328 4119 Σαλαμινίου
345 4048 540 4118 ίστορικωτιροι
558 4050 771 4115 ιιοιθεσιηιιαμεν.
