2975 4884
263 230 341 306 ott
497 246 500 263 “
582 247 722 303 nruuu
748 220 1007 305 secessus.

261 432 379 505 ματος
412 399 564 499 ἀκήκοα,
582 406 762 504 ἐμμελοῦς
779 404 1000 505 ἁρμονίας,
1034 410 1097 505 qui
1130 396 1334 484 locsts'l'sr·

262 540 361 599 tasse
393 532 538 597 sumtus
571 533 629 596 ost
662 549 684 597 e
716 524 948 620 Pythagorae
981 525 1075 599 libro
1109 526 1332 630 Κατάβασις

261 654 313 732 εἰς
346 643 441 744 ᾅδου
465 643 662 738 inscripto,
694 646 735 717 in
768 666 841 741 quc
875 645 939 717 ille
970 649 1161 723 nunciavit
1185 649 1333 724 se'He-
1380 714 1383 719 .

207 860 209 864 Υ
259 767 354 838 meri
392 760 622 857 Hesiodique
663 765 806 837 animas
846 765 885 837 in
920 764 1015 839 Orco
1049 767 1190 841 vidisse
1223 769 1332 866 Πίος.

186 925 188 928 -
259 885 301 958 L.
328 883 425 956 Vlll.
450 878 585 979 21.[‘¹].
636 882 697 956 De
731 884 813 977 lyra
845 896 969 959 autern
1003 889 1068 984 qui
1101 887 1333 967 tradiderunt
1434 935 1438 942 ·

258 1005 386 1104 paullo
421 1013 506 1075 ante
541 1002 676 1090 relata,
708 1004 749 1075 in
782 1003 907 1077 ocules
940 1008 1062 1094 veuit,
1088 1028 1331 1107 unumquem·
1402 1060 1410 1075 .

258 1147 329 1223 que
354 1145 483 1205 eorum
508 1122 592 1221 pari
616 1121 787 1196 libertate
812 1124 961 1197 firmisse
985 1147 1081 1221 quae
1105 1127 1252 1203 libitum
1273 1150 1330 1203 cs·

180 1248 184 1258 '
258 1258 332 1334 set,
364 1244 503 1316 nullius
536 1242 645 1315 facile
669 1244 853 1317 sententia
878 1266 961 1319 cum
987 1246 1104 1321 altero
1131 1271 1330 1343 congruen·
1448 1312 1452 1318 .

149 1448 153 1456 ,
258 1380 314 1454 te,
346 1375 389 1437 ut
419 1365 501 1436 fieri
533 1363 629 1436 solet
661 1365 701 1435 in
731 1363 842 1437 rebus
869 1368 1146 1442 commenticiis.
1195 1367 1329 1443 Erato-

257 1486 379 1558 mem
405 1481 544 1557 sams.
570 1507 599 1554 c
626 1481 817 1580 simun]
844 1496 883 1557 et
908 1483 1327 1598 suscapientes.
1426 1475 1429 1479 ’

256 1605 406 1702 placuit,
431 1603 656 1703 Mercurium
681 1614 823 1700 septem
848 1602 1051 1687 intendisse
1075 1604 1232 1682 fidesliu
1261 1609 1328 1680 lm·

255 1747 384 1797 norem
410 1721 599 1811 Pliadum,
618 1718 816 1819 Orpheum
842 1746 932 1797 vero
959 1747 1023 1798 eas
1044 1725 1236 1801 Illrrsarum
1262 1750 1329 1819 nu·

72 1834 76 1847 '
195 1944 200 1951 ⁶
254 1866 359 1918 mero
394 1842 638 1940 adaequasse3
669 1840 781 1939 idque
807 1846 990 1917 consentit
1016 1844 1137 1921 Schol.
1161 1845 1265 1922 Aret.
1289 1870 1327 1921 v.

255 1966 341 2039 269.
367 1962 558 2037 Diodorus
591 1972 719 2035 contra
737 1951 779 2035 l.
809 1962 867 2036 lli.
902 1985 979 2037 non
1010 1966 1157 2060 ignarus
1182 1977 1328 2040 veteres

240 2108 392 2173 ,anuum
439 2086 479 2157 in
525 2086 598 2157 tria
643 2094 813 2180 tempora
857 2080 1097 2171 distributum
1144 2083 1327 2191 habuisse,

252 2200 477 2280 Mercurium
489 2202 714 2301 Aegyptium
741 2204 795 2275 ait
819 2202 940 2295 lyram
966 2205 1085 2278 tribus
1110 2207 1328 2281 instruxisse
1376 2258 1378 2265 ι
1481 2164 1482 2203 ³

255 2325 421 2414 chordis,
445 2336 626 2420 acutoque
650 2344 743 2397 sono
770 2333 949 2396 aestatem
958 2330 979 2412 ,“
995 2324 1120 2397 medio
1146 2349 1224 2417 ver,
1248 2327 1326 2401 nie

255 2468 364 2519 mem
388 2447 503 2544 gravi
525 2445 748 2538 assignasse,
785 2440 995 2541 quanquam
1034 2443 1243 2545 Aegyptus,
1283 2460 1325 2521 ut

204 2634 208 2645 .
255 2565 361 2639 Philo
389 2566 443 2638 ait
468 2562 516 2638 de
541 2562 615 2637 Vit.
641 2562 735 2637 Mes.
762 2561 804 2637 L.
821 2550 858 2641 1.
884 2564 971 2639 619.
998 2564 1041 2637 F.
1066 2575 1145 2645 τῶν,
1170 2566 1325 2705 sequium

327 2760 372 2841 [1¹]
394 2771 499 2824 Librum
517 2770 588 2821 huuc
601 2769 635 2821 ab
659 2767 818 2837 Hieronymo
841 2768 944 2822 Rhodio
967 2755 1109 2838 subjectum
1132 2788 1190 2823 esse
1213 2787 1322 2823 consen·

254 2843 322 2895 liunt
340 2841 494 2894 Meiuersius
511 2839 579 2895 nist
597 2837 714 2890 Doctriu.
740 2840 775 2892 Τ.
795 2840 823 2891 J.
848 2839 909 2892 295.
933 2846 960 2891 et
983 2840 1079 2894 Lszsc.
1103 2840 1189 2894 Lectt.
1213 2843 1268 2894 Aac
1294 2859 1320 2909 p.

253 2914 314 2966 221.
343 2912 478 2980 Ejusmodi
500 2917 586 2962 autem
615 2918 731 2963 veterum
762 2910 906 2980 sapientum
935 2910 1067 2963 itinere
1090 2912 1271 2975 ecstaticus
1295 2906 1336 2964 st'

254 2985 366 3037 visiones
383 2982 449 3050 fingi
464 2980 582 3033 solebant
597 2980 693 3048 partim
710 2980 743 3031 ad
765 2980 882 3033 fraudem
904 2980 1077 3049 imperitorum
1099 2981 1194 3050 partim
1217 2982 1250 3033 sd
1274 2981 1322 3033 otii

255 3054 472 3116 oblectationem,
495 3052 568 3103 velut
584 3049 647 3103 Eris
664 3050 793 3116 Armenii,
817 3050 985 3115 Hermotimi,
1013 3050 1193 3123 Empedoclis,
1218 3052 1251 3104 de
1269 3067 1322 3119 quc

253 3125 329 3176 Serv.
354 3122 388 3174 ad
406 3124 504 3189 Georg.
527 3122 550 3173 l.
575 3118 618 3173 34.
654 3121 763 3173 Varro
787 3119 838 3171 ait
863 3137 897 3171 se
921 3118 1055 3189 legisse
1083 3120 1279 3191 Empedocli
1304 3139 1321 3173 a

254 3192 397 3260 quadam
419 3194 453 3245 vi
476 3191 592 3243 dirius
610 3191 785 3245 mortalem
808 3190 1009 3259 adspectum
1033 3192 1208 3245 detersum
1229 3207 1321 3246 eurr-

253 3279 318 3332 qus
347 3263 441 3317 iuter
472 3269 593 3314 cetera
628 3270 702 3314 tres
733 3267 855 3331 portas
883 3260 1035 3325 vidisse,
1065 3270 1202 3331 tresque
1231 3264 1320 3326 viss,

252 3348 346 3385 unam
363 3331 402 3384 sd
421 3332 553 3399 signum
572 3331 782 3401 scorpionis,
810 3329 1069 3398 qus-Hercules
1086 3332 1125 3384 ad
1149 3332 1231 3384 dees
1248 3334 1322 3385 isse

252 3404 441 3471 dicoretur·
458 3410 508 3454 stc.
542 3401 613 3454 Idem
629 3402 742 3455 fortasse
759 3417 806 3471 pro
828 3399 955 3453 Clearcho
980 3418 1082 3470 quoque
1106 3402 1158 3454 dici
1184 3402 1247 3455 licet
1269 3403 1321 3455 Ps-
1391 3406 1394 3411 ’

251 3473 405 3544 ripsteticc,
430 3489 478 3535 es,
502 3488 569 3541 quae
585 3472 613 3523 irs
629 3471 697 3525 libro
715 3474 779 3545 περὶ
797 3467 885 3523 ὕπνου
907 3469 941 3522 de
965 3471 1114 3523 Aristotelis
1137 3488 1195 3524 cum
1218 3471 1320 3524 Judseo

146 3556 148 3559 '
251 3543 363 3613 quedam
385 3540 599 3597 sermotiosticoe
621 3542 705 3611 deque
727 3541 803 3609 hujus
820 3540 906 3610 gentis
924 3540 1024 3609 origine
1046 3549 1075 3594 et
1089 3541 1190 3611 magni.
1212 3543 1241 3594 in
1259 3542 1320 3611 μή.

250 3683 318 3737 Phil.
340 3703 365 3755 p.
403 3681 443 3737 13.
461 3700 512 3735 nou
529 3682 668 3736 mentiendi
692 3697 773 3734 conss
797 3680 843 3732 sed
867 3680 1002 3750 epimythii
1026 3681 1085 3735 loce
1107 3698 1243 3743 nsmasm
1265 3695 1317 3748 quo

250 3761 334 3806 sumto
351 3753 497 3807 occurritur
513 3752 647 3806 Meincrsii
664 3751 819 3820 suspicioni,
840 3751 886 3821 qui
909 3750 1002 3804 librom
1018 3751 1089 3804 illum
1107 3769 1123 3804 s
1140 3751 1240 3804 Judsso
1257 3765 1318 3818 sup·

250 3824 359 3894 positum
376 3831 452 3894 putat
469 3824 504 3876 T.
521 3825 543 3875 l.
561 3842 588 3894 p.
597 3820 658 3876 stt.

141 3936 144 3939 x
321 3893 359 3963 [θ]
386 3894 427 3951 De
443 3894 555 3948 siderum
572 3893 692 3946 cursibus
706 3889 812 3943 musicis
827 3889 895 3943 idem
912 3889 1035 3943 disses&
1050 3890 1078 3942 in
1095 3889 1233 3951 Hermsts,
1250 3888 1318 3940 rosl-

250 3963 322 4033 tiqoe
339 3964 475 4033 prsete'rea
492 3964 553 4028 alii,
578 3979 643 4032 quas
660 3961 775 4014 mmitrst
796 3960 911 4013 Achilles
932 3961 1004 4029 lssg.
1029 3977 1055 4044 p.
1075 3957 1135 4010 tss
1170 3958 1274 4012 snm-⁴
1288 3957 1317 4011 is

251 4033 378 4099 Conone,
395 4033 567 4104 Thrasyllus,
583 4029 723 4107 Hypsicles
739 4038 774 4084 st
784 4030 912 4085 tunsus
927 4027 1143 4102 Aphrodisiensis.
1342 4039 1351 4063 t

252 3614 371 3685 losephia
384 3612 545 3736 qtrolectibus
562 3612 696 3681 scripserit
711 3611 817 3681 Joseplr.
835 3612 884 3681 Ap.
902 3610 924 3664 l.
943 3611 985 3663 22.
999 3608 1061 3664 454.
1078 3611 1151 3664 lons.
1169 3611 1202 3663 de
1219 3612 1317 3681 Script.
1412 3626 1416 3643 ·
1477 3672 1478 3685 ἵ
