2975 4884
540 194 872 289 soporantem.
898 158 903 168 ’
1139 178 1233 253 1331

176 374 258 425 rum
293 372 461 440 carmen,
488 347 587 448 quod
613 346 782 425 Clemens
809 348 945 425 Strom.
971 349 1014 426 V.
1041 247 1237 428 4¹56·th

175 473 293 545 literis
326 472 498 570 Ephesiis
525 471 729 567 componit:
753 468 1022 570 Ἀπολλόδωρος
1047 468 1236 571 alsam.
1364 556 1368 563 ἢ

35 658 36 662 ,
176 599 280 695 ραῖος
309 593 398 676 τοὺς
430 591 578 689 στίχους
608 587 738 676 τοάςδε
771 591 843 669 ὑπὸ
870 589 1049 694 Βράγχου
1080 594 1236 693 άναφιο-

34 730 65 755 “’
174 717 339 808 νηθῆναι
370 714 462 815 λέγει
493 711 702 806 Μιλησίους
726 707 992 811 καθαίροντος·
1021 711 1054 785 ὅ
1066 711 1137 808 μὲν
1161 713 1236 815 γάρ

32 860 33 867 “
174 832 392 930 ἒπιρραίνιον
423 833 466 907 τὸ
492 836 635 927 πλῆθος
659 829 807 930 δάφνης
832 828 981 915 κλάδοις
1005 820 1235 934 προκατῆρχε

173 961 242 1029 τοῦ
274 952 396 1051 ὕμνου
430 945 505 1029 ὧδέ
534 980 612 1035 πως
636 951 805 1027 Mansa
832 949 862 1028 ὦ
888 951 1017 1036 παῖδες
1037 948 1234 1054 Ἑκάεργον

172 1073 236 1148 καὶ
255 1072 465 1173 Ἑκαέργαν,
491 1071 668 1171 ἐπέφαλλε
693 1071 734 1145 δ’
763 1072 812 1156 ὡς
832 1078 946 1150 εἰπεῖν
965 1071 985 1147 ὁ
1006 1071 1094 1155 λαὸς
1115 1071 1232 1161 Βέδυ,

174 1176 291 1292 ζάμφ,
300 1189 425 1287 χθών,
439 1200 636 1291 πλῆκτρον,
653 1191 777 1293 σφίγξ,
790 1189 938 1291 κνάξβι,
950 1189 1134 1287 χθάτιτης,
1145 1195 1232 1292 φλά-

171 1342 268 1414 γμιο,
294 1309 415 1412 δρώφ.
443 1308 575 1406 quibus
601 1333 713 1406 quum
733 1311 826 1382 nihil
839 1313 913 1383 nisi
927 1322 1083 1407 quatuor
1099 1313 1230 1405 viginti

169 1431 381 1505 literaturae
412 1430 593 1502 elementa
626 1430 683 1503 bis
715 1431 875 1527 repetita
900 1434 1154 1503 contineantur
1164 1426 1229 1528 [¹²]‚

169 1551 303 1624 mirum
338 1566 394 1627 est
429 1553 499 1622 hoc
529 1549 711 1623 ludicrum
744 1549 1124 1646 alphabetum,hodie
1149 1561 1229 1623 tan·
1351 1555 1355 1559 ’

169 1693 278 1767 quam
310 1670 520 1745 venerabile
545 1672 778 1764 antiquarum
801 1668 1015 1743 litaniarum
1041 1672 1230 1767 exemplar

167 1792 338 1888 proponi.
371 1788 540 1863 Clemens
573 1791 656 1884 ipse
689 1789 760 1859 etsi
784 1808 918 1861 vocum
943 1789 1093 1862 illarum
1118 1793 1229 1885 signi-

167 1911 354 1981 ficationes
380 1908 503 1996 affert,
530 1921 653 1979 tamen
679 1929 791 2003 quum
808 1910 1023 2001 'praemittit
1052 1911 1228 2010 ἐπέφαλλο
1291 2000 1294 2009 ¹

169 2029 210 2107 δὲ
235 2029 291 2113 ὡς
320 2018 475 2105 laneat
503 2026 609 2115 λαός,
635 2024 736 2099 hand
762 2024 916 2098 obscure
938 2049 1000 2099 eas
1027 2026 1075 2100 ad
1100 2049 1228 2103 nume·

167 2170 250 2220 rum
277 2149 558 2220 aromaticorum
589 2146 720 2232 refert,
757 2144 966 2240 eujusmodi
991 2159 1078 2220 sunt
1101 2145 1228 2245 τήνελ-

169 2279 236 2356 λα,
281 2265 529 2368 θρεττάνελο,
570 2265 740 2365 βλίτυρι,
783 2276 1101 2356 taratantara,
1148 2270 1228 2365 qui-

167 2386 236 2460 bus
269 2387 411 2472 similia
438 2384 619 2483 quaedam
651 2397 834 2466 nostrates
866 2397 1001 2482 poetae
1025 2383 1230 2483 Buergerus

166 2519 204 2579 et
228 2506 380 2581 Vossius
415 2508 453 2578 in
478 2504 699 2579 carminibus
724 2504 1024 2603 populationibus
1048 2520 1231 2608 usurpant

166 2648 338 2701 sonorum
369 2611 611 2700 imitamenta.
644 2625 769 2718 Etym.
801 2624 852 2697 Μ
884 2651 921 2723 p.
947 2628 1034 2717 201,
1059 2629 1121 2702 43.
1145 2629 1230 2730 βλί-

166 2745 280 2847 τυράν
314 2752 389 2823 ἐστι
421 2748 545 2847 φυτὸν
575 2746 600 2841 ἢ
626 2743 829 2846 φάρμακον
853 2746 877 2841 ἢ
899 2748 1039 2845 χορδῆς
1063 2748 1226 2847 μίμημα,

137 2854 139 2861 X
168 2873 206 2936 et
237 2867 363 2960 paullo
396 2878 480 2938 ante
512 2864 670 2963 Βλίτυρι
694 2864 758 2946 καὶ
784 2863 990 2965 σκινδαφός
1014 2909 1065 2945 -,-
1091 2869 1228 2969 ἄλογον

168 2981 223 3082 (id
248 2994 303 3057 ost
328 2984 490 3082 ἄσημον)
514 2985 643 3087 γέγονε
668 2983 709 3060 δὲ
733 2985 806 3082 ἤδη
825 2986 1074 3084 παροιμιῶδες
1092 2986 1144 3071 ὥς
1163 3016 1228 3063 κα-

165 3109 435 3205 ταριθμεῖσθαι
473 3108 515 3181 ἐν
545 3101 740 3206 καταλόγῳ
773 3101 1001 3205 φαρμάκων·
1034 3103 1153 3207 Ἰόβας
1177 3107 1227 3213 ,δι’

101 3287 106 3296 .
165 3225 235 3302 τὸν
260 3225 468 3324 σκινδαψὸν
487 3225 651 3326 ὄργανον
666 3225 849 3321 μουσικὸν
870 3225 1090 3314 ἀποδίδωσι,
1113 3229 1157 3304 τὸ
1184 3226 1227 3304 δὲ

166 3344 313 3445 βλίτυρι
327 3344 467 3445 χορδῆς
487 3342 648 3442 μίμημα,
675 3346 744 3421 οὐκ
770 3342 824 3433 εὖ,
851 3343 995 3443 dequo
1022 3348 1109 3443 quid
1122 3348 1227 3421 Man·

166 3475 292 3536 nertus
315 3463 449 3537 dixerit
473 3464 513 3538 in
535 3463 691 3536 Dissert.
717 3462 765 3535 de
793 3463 1011 3565 Scindapso‚
1036 3469 1165 3561 ignoro
1182 3468 1225 3567 [⁰]

236 3714 281 3788 [¹³]
307 3719 337 3772 In
354 3720 465 3773 secundo
490 3720 577 3773 ordine
600 3721 673 3774 deest
696 3723 774 3774 litera
797 3728 871 3788 zeta,
894 3729 1031 3794 supersunt
1055 3725 1085 3775 N
1099 3727 1126 3775 et
1143 3724 1170 3776 a
1185 3729 1226 3775 ter
1329 3716 1333 3727 ’

167 3788 312 3859 repetitum.

237 3890 278 3963 [θ]
309 3894 477 3965 Soindapsrmr
511 3895 618 3949 Homeri
652 3898 773 3951 famulum
803 3899 922 3958 fabulose
950 3898 1038 3967 prodit
1064 3898 1227 3952 Ptolemaeus

166 3965 251 4034 Heph.
267 3968 292 4018 o.
310 3965 357 4018 VI.
375 3966 418 4019 liu
437 3966 593 4038 (lindapaunr
611 3985 684 4023 avem
701 3975 728 4021 et
745 3976 847 4039 gentem
864 3969 979 4024 Indicam
996 3970 1112 4057 Zonaras
1130 3986 1150 4020 a.
1169 3987 1196 4026 v.
