2975 4884
521 221 797 331 eremos,
1124 237 1200 310 873

140 408 338 505 rhophorae
373 408 441 482 sub
468 410 608 481 exitum
634 411 797 482 muneris
820 432 869 481 ex
895 406 987 481 sede
1011 408 1202 484 Minervae

139 531 176 601 in
207 526 356 625 specum
391 551 533 602 sacram
566 530 737 604 intulisse
769 528 959 617 dicttmnr,
984 533 1202 605 successuris

31 746 32 751 Ἰ
138 647 397 747 reportandum
415 647 471 747 [l].
530 648 604 721 Sed
636 650 858 736 Pausanias,
891 650 954 745 qui
986 651 1087 742 solus
1107 638 1203 725 'haec
1271 662 1274 672 ’

138 767 286 841 tradidit
317 771 346 841 I.
382 753 442 842 27.
462 769 700 855 sacerdotem
726 772 868 868 ipsam,
894 791 987 866 quac
1013 770 1203 844 vasculum

137 888 223 961 illud
261 887 555 962 transferendum
588 903 708 979 curet,
744 893 884 978 nescire
919 889 1009 963 dicit
1032 888 1123 987 quid
1148 892 1204 964 in-

136 1011 197 1100 sit,
222 1013 363 1109 quippe
389 1022 626 1100 contectum3»
643 1010 742 1106 quod
775 1013 943 1106 ignorare
967 1033 1043 1084 non
1067 1012 1203 1108 potuit,

137 1130 168 1201 si
189 1140 356 1203 recantes
382 1150 507 1218 ramos
531 1131 701 1221 inseruit3
728 1131 774 1204 ab
801 1131 876 1203 alio
902 1141 1027 1204 autem
1044 1133 1202 1204 insertos

137 1271 224 1353 epse,
252 1251 354 1324 nullo
381 1250 495 1325 verbo
523 1252 703 1346 significat
717 1245 938 1341 Pausaniam
965 1272 1078 1347 quare
1103 1250 1204 1325 haud

62 1384 65 1389 “
136 1364 227 1455 ultra
270 1370 511 1466 conjectando
551 1369 725 1468 progredi
760 1372 863 1460 licet,
897 1391 1022 1467 quam
1040 1381 1083 1445 ut
1115 1371 1204 1444 bina

136 1502 197 1563 aut
231 1492 344 1593 etiarn
379 1493 487 1588 plura
520 1513 611 1566 vasa
634 1490 750 1589 fuisse
776 1494 1006 1590 suspicemur
1032 1491 1203 1590 ἀῤῥίχους

113 1608 288 1685 .fortcsse
314 1611 492 1710 ‹lima[],
533 1633 628 1708 quae
652 1611 912 1710 Arrhephorac
937 1613 1087 1685 alternis
1114 1613 1205 1686 vici-

95 1716 103 1721 *
135 1728 201 1804 bus
226 1742 538 1828 transportarent,
562 1732 795 1806 manentibus
820 1754 968 1830 semper
992 1732 1203 1807 involucris.

232 1852 293 1924 De
326 1852 442 1924 altero
478 1849 658 1924 vocabulo
693 1852 836 1945 longior
871 1850 1036 1923 ordietur
1071 1874 1204 1925 sermo.

135 1969 266 2045 Pollux
291 1970 337 2044 X.
368 1970 451 2043 162.
488 1968 617 2069 σίφνιν
653 1975 693 2047 ἓν
725 1979 803 2056 τοῖς
829 1973 989 2054 decencia
1014 1970 1146 2066 ὕμνοις
1157 1967 1203 2067 [l]

136 2092 180 2166 od
220 2092 289 2187 τήν
328 2099 401 2192 γῆν
444 2092 534 2167 ἔνιοι
568 2087 790 2179 ἀκούουσιν,
825 2089 918 2166 ἀλλὰ
951 2090 1020 2185 τὴν
1052 2086 1203 2178 crudos,

134 2213 170 2296 ἐξ
203 2205 248 2305 ἧς
278 2211 302 2304 ἡ
328 2207 504 2308 Δημήτηρ
538 2207 760 2309 προυκόμιζε
785 2210 852 2294 τὰς
876 2206 1029 2310 τροφάς.
1081 2206 1223 2300 Ηθεγυ

133 2329 239 2403 chius
271 2329 400 2426 paullo
433 2326 711 2429 aliterlztpew
728 2330 801 2426 ,τήν
820 2340 893 2434 γῆν
914 2331 1118 2426 Ἀθηναῖοι,
1144 2329 1206 2406 καὶ
1281 2421 1285 2427 ,

134 2450 155 2545 ἡ
190 2448 368 2549 Δημήτηρ
402 2450 465 2526 καὶ
498 2451 521 2546 ή
558 2436 691 2540 stada,
727 2449 792 2523 uhi
819 2449 912 2522 ordo
937 2450 1131 2527 literarum
1155 2447 1204 2523 ad

136 2567 264 2669 σι’φνιν
297 2566 464 2660 deducit,
497 2567 597 2667 quod
631 2579 674 2642 ut
705 2569 819 2652 σιπύα
845 2592 911 2644 seu
937 2567 1047 2667 σιπύη
1074 2571 1204 2671 (ἄρτο-

204 2772 249 2842 [b]
275 2772 316 2824 De
340 2773 460 2828 Minerva
483 2775 538 2827 Pol.
561 2792 588 2843 p.
608 2775 648 2827 15.
673 2777 771 2828 Versus
795 2776 828 2829 ab
853 2774 969 2826 Aristide
993 2772 1108 2826 allstus'
1146 2789 1204 2825 uem

136 2842 229 2896 ibidem
245 2848 345 2897 trsotst
360 2862 386 2914 p.
400 2842 424 2896 4.
443 2847 479 2898 El
495 2843 534 2916 μή
551 2842 738 2915 ἐπιφροσύνην
758 2847 830 2899 doixs
847 2850 900 2897 θεα
917 2840 1091 2914 γλαυκῶπις’
1122 2838 1203 2909 θήνη,

136 2930 184 2966 non
201 2920 244 2966 est
259 2914 344 2982 ignoti
360 2920 454 2984 poetae
471 2915 517 2967 sed
533 2915 641 2967 Homeri
656 2916 738 2984 ipsius
757 2916 808 2968 Od.
827 2916 857 2966 V.
875 2913 935 2966 427.
956 2918 981 2967 sl
997 2911 1037 2985 μὴ
1054 2913 1204 3001 ἐπὶφήεσὶ

136 2987 201 3048 θῆκε
231 2983 285 3037 θεὰ
309 2985 465 3055 γλαυκῶπις
490 2982 604 3053 Ἀθήνη,
628 3001 676 3054 pro
700 3003 752 3054 quo
774 3005 800 3038 v.
823 2982 884 3036 487.
909 2988 934 3038 si
959 2983 998 3056 μή
1016 2984 1205 3055 incapacem

137 3053 204 3108 δῶκε
229 3056 387 3124 γλαυκῶπις
406 3053 518 3125 Ἀθήνη.
554 3056 647 3125 Neque
670 3055 698 3108 id
716 3055 920 3124 reprehendendi
944 3071 1024 3107 csuss
1047 3053 1106 3106 dico
1131 3055 1204 3122 (uum

136 3122 197 3176 nulli
214 3132 330 3176 nostmm
353 3128 394 3178 sat
417 3124 471 3179 fida
493 3126 628 3194 memoria)
652 3125 698 3177 sed
721 3143 755 3178 nc
777 3143 825 3195 pro
849 3132 1000 3194 argumento
1017 3123 1121 3192 {valeat
1140 3124 1205 3176 Cum
1259 3164 1261 3167 v

137 3195 250 3248 Aristide
268 3197 430 3251 consentiunt
446 3197 572 3250 Libanius
591 3197 626 3249 Τ.
643 3196 690 3250 IV.
708 3197 849 3265 Progymo.
874 3213 900 3264 p.
918 3196 979 3250 952.
999 3200 1027 3246 et
1043 3194 1152 3249 Servius
1170 3194 1205 3247 sd
1264 3260 1266 3262 V

137 3265 197 3317 Aen.
214 3263 277 3317 402.
296 3273 412 3319 aratrum
429 3285 446 3321 a
464 3268 582 3320 Minerva
598 3267 729 3321 inventurn
747 3284 821 3332 esse,
844 3266 890 3319 sed
913 3283 946 3319 ex
969 3266 1019 3317 hoc
1042 3283 1093 3318 non
1118 3266 1206 3334 sequi-

137 3341 178 3397 tur
195 3336 334 3388 Minervae
352 3354 443 3389 numen
460 3339 618 3407 potissimum
643 3338 676 3391 ad
699 3355 753 3391 rem
777 3337 907 3406 agrariam
931 3336 1101 3406 pertinuisse,
1126 3352 1203 3404 quum

137 3410 225 3474 pstest
249 3412 350 3459 veteres
373 3408 523 3461 utilissimae
549 3410 673 3477 cujusque
702 3410 766 3461 artis
797 3410 967 3463 instrumenta
990 3406 1126 3459 Minervam
1149 3422 1203 3457 rna-

139 3475 273 3531 chinstrioi
290 3483 399 3546 accepts
415 3479 513 3530 tulisse.

168 3646 175 3666 ‘
207 3581 250 3651 [θ]
276 3582 436 3667 Terminalis
455 3583 555 3668 quidem
572 3584 649 3670 huj'us
666 3585 787 3637 vocabuli
804 3584 974 3670 porsgogice'
986 3587 1041 3649 est,
1066 3578 1162 3665 qualis,
1177 3578 1204 3632 in

139 3653 282 3726 πυῤῥιχος,
302 3666 435 3723 οσσιχος,-
446 3653 583 3724 καδδιχος,
603 3669 736 3730 αστριχος,
755 3672 905 3738 κοναριχρς,
925 3653 1075 3727 ἀρυστιχος,
1090 3654 1203 3723 Στρομ.

138 3725 225 3805 βιζος,
250 3726 379 3794 Σίμιχος,
407 3719 551 3793 Τύννιχος,
586 3724 694 3794 sliisque
718 3725 820 3789 multis,
851 3742 896 3777 vrx
919 3730 948 3775 ut
971 3721 1086 3776 dubitari
1110 3721 1204 3790 possit,
1246 3756 1248 3761 .
1349 3735 1351 3741 ¹

139 3796 242 3861 stirpem
259 3793 380 3845 vocabuli
397 3810 453 3846 esse
471 3812 541 3859 eam,
567 3795 635 3848 unde
653 3795 861 3866 Arrephororum
878 3810 969 3847 nomen
987 3791 1127 3847 concrevit.

208 3896 252 3967 [l]
278 3898 425 3951 Athenaeus
442 3900 511 3953 XIV.
531 3898 590 3953 652.
608 3902 639 3954 C.
659 3903 686 3956 in
704 3900 854 3971 quaestione
871 3899 1038 3969 grammatica
1055 3897 1089 3951 sd
1106 3876 1213 3951 anti-¹

140 3981 223 4033 quos
246 3969 385 4037 hymnos
409 3977 548 4040 provocat,
574 3987 680 4041 quorum
698 3977 806 4035 unctor,
830 3977 908 4042 puto,
926 3970 1029 4039 ignotus
1047 3976 1119 4032 erut,
1138 3967 1205 4020 sicut

140 4034 226 4103 tymni
244 4039 277 4092 sb
294 4040 361 4093 tuliis
379 4040 511 4096 decantati
527 4042 605 4096 Psus.
624 4043 655 4095 V.
675 4043 715 4096 15.
