2975 4884
534 251 877 315 emerseram
1146 240 1246 318 1249
1331 314 1334 321 ,

168 415 285 491 fuisse
317 411 492 496 ridemur
519 414 590 509 'qul
618 422 773 511 propter
805 431 994 498 serrorum
1027 414 1245 490 inmmeeio·

168 558 256 611 σοι
281 531 437 615 Cabires
462 534 565 630 ipsos
589 556 613 609 e
637 531 781 609 Lemno
807 533 1008 627 emigrasse.
1029 542 1243 613 stamerent.

168 657 361 733 Pharium»
382 651 563 754 Κάβειροι
594 652 790 754 δαίμονες·
833 656 873 730 ἐκ
907 649 1069 752 Λήμνου
1101 652 1166 730 διὰ
1199 655 1243 732 τὸ

168 774 342 877 relatores
366 783 445 855 τῶν
464 782 657 876 γυναικῶν
677 772 969 872 μετενεχθέντος.
995 772 1082 849 Εἰσὶ
1100 771 1143 849 δὲ
1162 774 1244 870 ἤτοι

168 892 421 998 Ἥφαιστοιῆ
451 901 613 979 Τιτᾶνες·
639 892 706 969 uhi
730 903 830 965 certe
854 890 1088 967 scribendum
1108 892 1244 994 Ἡφαί-

171 1041 262 1094 στου
295 1026 335 1089 et
364 1014 523 1089 fortasse
548 1012 710 1111 amplius
735 1012 807 1089 elei
830 1011 874 1089 δὲ
899 1007 1003 1089 οὗτοι
1022 1012 1241 1112 Ἡφαίστου·

170 1147 218 1211 ut'
231 1135 442 1230 Hesychius
468 1132 663 1234 Κάβειροι,
688 1131 880 1229 καρκίνοι,
905 1131 1008 1211 ποίνο
1034 1131 1076 1208 δὲ
1101 1143 1243 1232 τιμῶν-

168 1286 235 1339 ται
264 1251 372 1335 οὗτοι
400 1259 441 1333 ἐν
467 1252 615 1354 Λήμνῳ
649 1252 700 1339 ὥς
730 1253 834 1330 θεοί·
869 1253 1039 1357 λέγονται
1072 1251 1114 1328 δὲ
1147 1248 1242 1331 εἶναι

164 1376 383 1478 Ἡφαίστου,
404 1374 545 1460 παῖδες.
597 1371 658 1444 De
689 1373 889 1473 postremis
912 1372 1038 1446 Photii
1068 1371 1242 1471 verbisll

172 1505 323 1584 Τιτᾶνες
346 1506 472 1577 utrum
499 1517 546 1579 ex
569 1494 700 1580 παῖδες
721 1503 900 1592 corrupta
931 1493 1007 1566 sint
1031 1515 1081 1566 an
1106 1492 1242 1591 aliquis

169 1614 323 1695 Cabirus
358 1617 419 1695 ¹vel
445 1614 599 1695 Titanes
625 1614 687 1689 vel
713 1614 857 1688 Titanis
882 1613 980 1690 filies
1004 1611 1141 1689 dixerit
1164 1634 1242 1687 non

168 1735 337 1835 disput03
359 1736 438 1827 'sed
470 1733 686 1812 Welekerus
719 1743 798 1815 tarn
824 1734 998 1830 ambiguo
1025 1735 1239 1809 testimonio
1329 1730 1337 1739 ’

166 1846 244 1933 aon
276 1853 426 1946 efficiet,
459 1868 502 1929 ut
532 1856 619 1929 illos
639 1854 868 1955 Ἡφαίστοιο
892 1856 964 1929 hee
989 1865 1065 1944 est,
1091 1865 1134 1928 ut
1157 1857 1240 1953 ipse

165 1979 447 2075 interpretatur,
494 1977 622 2070 genios
662 1973 861 2049 Vulcanius
899 1975 1015 2049 fuisse
1053 1986 1240 2073 putemus,

167 2095 375 2192 eujusmodi
407 2098 441 2170 si
472 2097 537 2192 qui
569 2096 719 2169 fuerunt
744 2106 842 2168 certe
867 2116 942 2169 non
957 2096 1159 2197 Ἥφαιστοι
1185 2092 1254 2166 di·-

147 2216 218 2301 [cti
250 2227 346 2297 suot,
396 2213 525 2312 Neque
555 2214 738 2309 Hesychii
769 2214 886 2290 verba
909 2225 1008 2288 reete
1031 2205 1079 2288 ab
1105 2236 1151 2288 eo
1176 2236 1240 2289 ex·

164 2336 303 2437 plicari
323 2333 500 2428 arbitror,
537 2332 692 2410 Cabiros
716 2333 917 2409 Vulcanios
939 2335 1139 2437 καρκίνους
1164 2332 1239 2407 diei

166 2456 208 2531 id
233 2465 291 2529 est
316 2477 484 2545 canoros,
520 2458 607 2554 quia
640 2458 773 2539 caneri,
793 2457 977 2554 fereipum
1001 2458 1157 2551 liguram
1182 2478 1238 2527 re-

166 2577 304 2667 ferant,
328 2575 470 2673 forcipe
496 2587 621 2652 autem
647 2589 799 2652 utantur
822 2573 922 2651 fabri
945 2576 1102 2649 ferrarii.
1153 2573 1239 2648 Hoc

167 2698 276 2792 longe
300 2697 504 2794 repetitum
529 2707 587 2771 est
611 2707 650 2770 et
673 2700 741 2774 vix
765 2707 896 2795 aptum
912 2697 1139 2770 Graecorum
1163 2715 1239 2767 ser·

167 2820 290 2906 moni,
331 2816 394 2912 qui
426 2837 546 2913 neque
580 2816 773 2891 fabrorum
806 2817 1045 2889 ferrariorum
1077 2814 1239 2909 forcipes

169 2959 287 3033 neque
320 2933 447 3007 fabros
479 2936 583 3031 ipsos
613 2936 816 3036 reperirem
849 2945 1002 3024 vocant,
1042 2932 1109 3005 sed
1141 2931 1238 3023 illas,

169 3054 270 3155 quod
293 3055 544 3144 meminerim,
568 3046 784 3159 πυράγρας,
816 3054 905 3143 hos,
938 3063 982 3126 ut
1005 3064 1139 3125 notum
1165 3062 1237 3141 est3

168 3198 286 3274 neque
324 3180 523 3274 ῥαιστῆρος
562 3185 627 3249 aut
659 3178 827 3276 ἄκμονας
850 3182 926 3279 aut
958 3171 1005 3246 ab
1038 3171 1114 3245 alio
1147 3174 1238 3246 artis

167 3299 412 3369 instrumento
437 3288 689 3383 denominans
743 3293 936 3368 Postremo
961 3292 1241 3387 Hesychianum

169 3417 354 3511 glossema
385 3414 554 3517 καρκίνοι
585 3435 662 3487 non
695 3413 745 3487 ad
777 3414 972 3513 proprium
997 3436 1135 3487 nomen
1158 3408 1271 3488 Κοί-’
1336 3420 1338 3423 ’

168 3539 290 3636 βειροι
329 3538 515 3633 pertinere
555 3533 622 3608 sed
654 3533 704 3609 ad
735 3531 932 3635 Κάβοαροι
964 3533 1027 3610 vel
1059 3530 1239 3631 Κάβειροι

170 3654 440 3753 appellativum
480 3677 685 3729 cammarus
717 3654 942 3749 significans,
979 3648 1239 3753 jampridem

168 3775 233 3847 Du
259 3771 418 3869 cangius
443 3773 715 3850 animadvertit„
775 3772 886 3863 Quod
911 3795 1003 3849 vero
1027 3772 1143 3870 aliqui
1169 3767 1238 3844 Ca-

168 3893 270 3968 biros
289 3893 446 3968 Vulcani
471 3905 536 3968 aut
559 3893 656 3968 lilios
682 3903 747 3968 aot
770 3905 926 3993 nepotes
951 3891 1078 3983 edunt,
1101 3912 1238 3990 nequa·

170 4036 281 4112 quam
320 4037 390 4112 pre
431 4024 644 4110 argumento
676 4014 797 4104 valet,
829 4036 943 4113 quum
976 4014 1128 4113 plurimi
1159 4010 1238 4083 fue·
1282 4115 1285 4121 Ι
