2975 4884
450 280 824 341 rsuccessoremve:
1094 262 1197 341 dass
1315 345 1318 349 ,

60 419 68 435 ’
122 446 239 519 niano
263 442 408 516 amicae
430 442 655 543 persuadere
681 450 843 517 ematur*
860 439 933 513 mh
957 438 1092 515 Cadmi
1111 454 1198 541 epo·
1303 538 1304 541 Ν

70 596 74 606 ⁴
124 568 181 639 cie
233 564 394 662 aliquem
444 565 658 639 coelestium
699 556 942 652 delitescam·
973 560 1200 637 Mercurium

123 687 302 775 fortasse,
335 687 399 783 qui
430 684 621 763 simillimo
646 681 802 767 Cadmo,
818 681 1009 765 Cadinilus
1035 694 1200 774 vmetur,

126 815 194 878 aut
232 804 468 903 Apollinem·
502 804 583 880 Sed
623 803 772 902 decepit
802 806 928 903 plnres
962 805 1057 878 falsa
1089 804 1200 877 lectio

126 925 281 1026 μορφὴν
325 937 479 1025 μοῦνος
508 930 643 1027 ἄμειψε
685 918 754 1027 plu
791 935 976 1025 psoricum
1005 926 1200 999 formam

127 1045 448 1120 tantummodo
488 1048 688 1121 mutavit
719 1044 994 1135 Mercurius,
1033 1064 1201 1118 nornen

130 1165 327 1259 Cadmus
358 1168 461 1241 sivo
499 1168 734 1243 Cadmilos
769 1168 984 1239 retinuit
1036 1164 1202 1240 vIdarnro·

128 1286 231 1359 niam
264 1288 386 1384 ipsam
418 1287 632 1363 Hellanicus
656 1288 806 1382 Fragm.
829 1278 965 1363 LXXI.
992 1286 1053 1360 99.
1081 1287 1202 1360 Dar·

130 1404 218 1479 dani
253 1419 291 1480 et
315 1407 483 1481 Eetioms
515 1428 700 1504 sororem,
729 1406 904 1480 Electrae
928 1407 1044 1481 liliam
1068 1410 1109 1481 in
1135 1408 1203 1482 Sa·

130 1528 337 1602 methraeia
368 1526 512 1603 Cadmo
545 1532 737 1628 nupsisse,
760 1528 949 1626 'Ephorus
981 1526 1135 1624 ringo·
1164 1548 1202 1626 p.

130 1647 217 1722 239.
243 1671 267 1721 a
291 1646 435 1723 Cadmo
459 1673 483 1722 e
497 1648 752 1723 Samothracia
777 1649 973 1723 abductam
1000 1659 1038 1721 et
1063 1666 1204 1723 meme·

49 1824 55 1827 .
129 1769 225 1841 riam
264 1781 393 1868 raptus
431 1772 472 1843 in
503 1770 730 1843 solemnibus
760 1770 936 1843 simulata
965 1736 1205 1865 inquisitione

130 2020 263 2089 τοῦσιν
296 2012 415 2109 αὐτὴν
446 2017 488 2089 ἐν
519 2019 601 2097 ταῖς
634 2010 794 2111 ἑορταῖς)
819 2007 886 2082 sed
912 2018 1041 2080 neuter
1067 2009 1203 2101 signill-

7 2182 21 2203 .
133 2143 192 2203 cat
229 2130 478 2205 Harmoniam
513 2132 611 2204 inter
643 2134 801 2205 numina
833 2128 1014 2217 dicatam,
1065 2125 1206 2221 nedum

133 2250 204 2323 hoc
236 2254 396 2325 nomine*
418 2252 649 2325 harmoniam
681 2249 813 2325 mnndi
848 2252 889 2322 in
925 2246 1113 2341 mysteriis
1140 2248 1204 2323 de-

133 2371 309 2445 claratam
350 2393 440 2445 esse.
506 2372 678 2470 Denique
714 2375 750 2445 si
784 2373 866 2469 quis
899 2389 922 2441 e
955 2368 1145 2442 Diodoro
1160 2370 1204 2442 V.
1272 2416 1277 2434 ,

133 2491 195 2565 49.
227 2491 291 2565 uhi
323 2493 508 2566 Electram
541 2492 640 2565 liliae
671 2502 741 2591 pro
775 2491 876 2564 deno
906 2489 1069 2588 nuptiali
1101 2506 1206 2567 saera

133 2630 289 2707 magnae
330 2615 460 2686 matris
502 2614 672 2708 largitam
713 2624 841 2684 narrat
860 2621 945 2685 :eut
976 2609 1207 2685 Harmoniae

28 2760 31 2765 ·
136 2744 202 2806 aut
234 2729 365 2806 Cadmi
391 2735 553 2834 aliquam
588 2756 671 2805 cum
695 2734 884 2827 mysteriis
909 2733 1206 2825 conjunctionem

137 2854 300 2943 extricet,
332 2854 440 2926 facile
471 2854 668 2927 refelletur.
725 2852 823 2926 Nam
848 2863 928 2924 tota
952 2852 1018 2923 illa
1043 2853 1207 2925 namatio

136 2994 182 3045 ex
205 2972 428 3047 umbraculis
453 2974 765 3068 Pragmatioorum
791 2974 953 3068 repetita
976 2982 1044 3043 est.
1093 2971 1145 3043 Et
1168 2974 1210 3044 in

136 3094 362 3168 universum·
388 3096 421 3167 si
452 3092 620 3190 quidde
653 3089 797 3164 Cadmo
829 3092 870 3162 in
904 3091 1105 3183 mysteriis.
1126 3093 1209 3165 sive

138 3212 322 3287 Thebanis
347 3217 430 3288 sive
454 3213 717 3287 samothraciis
742 3211 923 3284 traditum
950 3223 1067 3300 esset,
1111 3225 1209 3285 certe
1290 3308 1292 3311 Ι

109 3354 233 3431 ἱιιιπιιε
267 3348 332 3407 aut
364 3334 459 3408 alter
485 3356 634 3423 eorum,
660 3336 722 3429 qui
750 3332 797 3405 de
822 3334 892 3406 hoc
917 3332 1208 3406 celebratissima
1324 3370 1328 3381 =

138 3453 251 3526 heroe
283 3457 508 3528 mentionem
541 3455 678 3543 fecere,
705 3455 840 3551 quique
866 3452 914 3525 de
939 3449 1084 3525 cabiris
1110 3473 1210 3523 com-

5 3590 7 3619 ¹
139 3575 294 3647 mentali
333 3587 437 3670 sunt,
476 3576 721 3673 propinquam
755 3586 995 3671 utrorumque
1026 3572 1209 3665 cognatio

5 3706 7 3793 ᾗ
138 3714 224 3766 uem
249 3695 313 3769 vel
337 3699 449 3768 tacita
475 3694 634 3793 quadam
659 3695 923 3790 significatione
948 3688 1210 3791 prodidissent.

139 3812 332 3889 Praeterea
364 3816 565 3889 Pausanias
590 3815 655 3889 IX.
681 3818 741 3890 22.
782 3815 1003 3888 Anthedone
1029 3812 1209 3909 ternplum

38 4018 40 4021 ¹
141 3956 221 4008 esse
245 3945 371 4010 narrat
397 3933 615 4010 Cabirorum
642 3940 743 4010 etin
770 3938 893 4009 vicino
922 3931 1064 4006 Cereris
1089 3945 1127 4007 et
1147 3934 1209 4007 Li-
