2975 4884
254 181 352 255 1332
589 192 729 247 craten
755 191 975 283 numurus.

103 380 122 469 J
250 352 316 426 sed
341 348 529 451 Blityri[¹]
557 363 714 450 apparet
738 373 871 424 sonum
898 352 1036 456 ἄλογον
1061 360 1099 422 et
1123 350 1317 462 παρεμβο-

251 464 374 570 λοειδῆ4
396 495 477 545 esse
502 474 733 570 eundemque
758 472 1006 577 ἐνκαταλόγῳ
1020 469 1232 573 φαρμάκων
1248 469 1320 540 hoc

172 620 176 634 ·
251 604 307 666 est
339 596 379 666 in
403 615 565 669 numero
599 616 744 687 vocum.
765 595 988 688 magicarum
1016 592 1147 679 luisse,
1184 588 1319 686 quihus

252 712 373 786 morbi
403 694 543 810 pellere
582 712 831 801 crederentur,
878 715 973 785 sicut
1006 712 1102 784 aliae
1133 707 1320 781 formulae

252 834 558 929 antipatheticae‚
590 835 760 924 Dorias
785 832 1042 905 Dardaries
1068 830 1193 903 Huat
1225 826 1318 899 Ha·
1363 920 1367 931 ¹

254 965 352 1041 nat,
385 952 503 1041 Hax,
536 952 646 1042 Pax,
677 954 823 1043 Deax,
849 951 1067 1039 Adimax‚
1094 961 1131 1022 et
1156 959 1319 1021 ceterum

254 1075 450 1166 mysticum
475 1071 747 1146 Abracadahra.
799 1073 933 1145 Galeni
959 1069 1211 1143 testimonium
1234 1066 1322 1167 (ill-

252 1224 338 1292 τυρι
372 1205 411 1266 et
442 1193 649 1292 σκινδαψὸς
682 1195 835 1266 nomina
868 1191 1093 1293 κρουμάτων
1117 1211 1197 1261 esse
1223 1198 1321 1259 oete·

253 1312 386 1409 rosque
411 1312 528 1402 locos,
554 1315 617 1410 qui
642 1313 713 1386 huc
738 1315 943 1410 pertinent,
975 1311 1168 1405 diligenter
1192 1318 1322 1379 contu-

255 1434 299 1505 lit
328 1430 479 1505 Reiffius
513 1432 561 1505 ad
595 1431 776 1505 Artemid.
810 1430 871 1504 IV.
898 1435 934 1505 2.
959 1432 1046 1505 444.
1078 1451 1154 1501 non
1181 1429 1321 1500 omisso

255 1575 383 1625 asemo
409 1550 524 1641 κνάξ,
563 1551 661 1624 unde
686 1551 908 1649 productum
933 1550 1068 1651 κνάξβι
1092 1554 1132 1623 in
1157 1550 1323 1622 Milesio-

254 1695 336 1746 rum
370 1673 508 1765 hymno
534 1672 784 1768 alphabetico,
820 1675 879 1745 cui
904 1670 1191 1768 comparandum
1215 1667 1353 1763 vidc-⁴
1461 1662 1463 1725 l

188 1851 200 1860 .
256 1806 315 1864 tur
354 1813 500 1864 sacrum
542 1814 688 1864 carmen
722 1791 770 1863 de
803 1814 876 1890 quo
912 1788 1099 1869 Charisius
1132 1791 1174 1863 L.
1205 1789 1249 1860 [L
1284 1813 1356 1884 p..

256 1910 341 1983 216.
367 1912 403 1982 7.
436 1910 699 1983 Butuhatta
732 1912 843 1983 haec
875 1912 1070 1983 Plautus
1096 1931 1179 2008 pro
1203 1902 1323 1981 nihi-

256 2030 302 2102 lo
339 2044 384 2102 et
409 2054 492 2127 pro
518 2034 653 2125 nugis
678 2034 859 2128 posuit,
893 2044 940 2104 ut
974 2032 1021 2102 in
1046 2030 1218 2125 glossis
1251 2024 1323 2102 ve-

257 2161 406 2223 terum
439 2149 644 2223 Battatti
676 2150 851 2224 fluctus
882 2149 1068 2248 quidam
1104 2164 1149 2222 ct
1181 2171 1323 2221 sonus

258 2271 393 2343 vocis
426 2269 868 2369 effoeminatior[]‚
901 2282 949 2342 ut
975 2292 1078 2362 esse
1104 2273 1150 2341 in
1177 2272 1323 2343 sacris

258 2390 648 2483 Apamenorum,
691 2391 755 2462 uhi
794 2390 1045 2484 Anagniorum
1080 2388 1325 2477 scribendum,

258 2529 335 2579 non
358 2507 788 2581 Anaxamentorum
815 2509 876 2583 vel
902 2509 1139 2582 Saliorum
1167 2531 1325 2582 anaxa-

258 2628 447 2717 mentis,
482 2651 576 2725 quae
607 2628 791 2700 Meursius
823 2626 1020 2727 proposuit
1051 2631 1209 2705 Exercit.
1237 2626 1325 2701 crit.

260 2746 299 2818 P.
340 2747 386 2819 ll.
420 2772 449 2821 c.
483 2749 544 2820 28.
584 2748 743 2846 probata
775 2749 947 2823 Dacierio
982 2749 1041 2823 ad*
1063 2751 1161 2823 Fest.
1197 2776 1233 2848 p.
1265 2749 1325 2822 38.

260 2865 463 2940 Butuhatta
494 2869 606 2963 igitur
638 2868 839 2967 respondet
870 2881 997 2942 nostro
1030 2870 1209 2960 Larisaci,
1240 2869 1327 2941 Bat-

261 2988 359 3077 catti,
383 2990 456 3061 nisi
482 2985 679 3061 Cascorum
705 3011 782 3062 vox
807 3000 874 3078 est,
899 2990 1194 3086 epiphonematis
1214 2987 1327 3062 modo

137 3124 144 3144 '
264 3118 479 3203 usurpatum
505 3107 672 3197 videtur,
704 3110 771 3182 illa
796 3123 919 3182 autem
945 3110 1174 3182 Milesiomm
1199 3110 1327 3184 litania

246 3250 285 3313 ¹e
317 3228 511 3301 vocabulis
546 3230 681 3301 asemis
712 3229 929 3324 joculariter
959 3232 1165 3327 composita
1198 3229 1327 3303 estad

191 3438 203 3449 .
265 3348 476 3444 exemplum
502 3351 704 3422 carminum
732 3352 965 3445 magicorum.
992 3349 1090 3445 Orig.
1116 3375 1146 3424 c
1173 3347 1265 3424 Cels.
1283 3348 1326 3422 L.
1429 3446 1435 3453 ἱ

336 3551 382 3623 [¹¹]
407 3554 498 3608 Simile
514 3556 618 3609 videtur
634 3552 746 3631 τάγυρι,
764 3557 925 3611 titivillitium
943 3557 1100 3627 significans.
1120 3557 1236 3610 Obscura
1253 3554 1326 3608 Pho-

264 3623 317 3675 tius
332 3627 424 3690 Νεβὶα
442 3630 496 3681 coc
513 3624 592 3696 φωνὴ
610 3622 661 3690 ἄση
684 3646 722 3688 ος.

335 3694 380 3763 [⁰]
440 3714 489 3749 unc
506 3696 605 3749 demum
622 3698 648 3748 vi
668 3714 699 3749 eo
720 3699 775 3765 Jam
797 3696 944 3766 Scylerturn
966 3696 995 3749 in
1020 3698 1134 3750 Graiam.
1157 3696 1209 3748 Lat
1231 3695 1264 3747 T.
1288 3693 1326 3746 Il.

266 3761 326 3814 301.
351 3781 471 3831 graecum
489 3783 579 3818 nomen
602 3766 724 3819 Battalus
748 3783 925 3836 comparasse,
949 3766 981 3820 da
1005 3784 1056 3836 quo
1080 3767 1133 3819 vid.
1158 3765 1269 3818 Casaub.
1291 3763 1328 3815 ad

267 3833 374 3885 Suetou.
391 3852 417 3904 p.
428 3833 496 3888 ⁴453.
519 3837 629 3906 Taylor.
646 3836 768 3905 Prclcgg.
786 3838 820 3889 ad
838 3837 910 3890 Deru.
933 3855 959 3907 p.
978 3835 1040 3890 742.
1067 3836 1101 3888 Τ.
1120 3835 1191 3888 VIII.
1214 3852 1263 3886 nec
1286 3834 1328 3885 di-

266 3909 320 3955 stet
336 3903 441 3961 multum
458 3906 582 3960 Battaces
598 3917 626 3961 et
641 3909 815 3971 Battabaces,
837 3907 982 3977 Archigalli
1005 3924 1104 3960 nomen.
1122 3925 1146 3959 v.
1163 3904 1273 3959 Weasel.
1292 3903 1327 3956 ad

266 3974 343 4028 Diod.
361 3975 468 4045 Fragor.
485 3976 517 4028 L.
534 3978 657 4031 XXXVI.
675 3997 702 4048 p.
721 3977 783 4031 360.
802 3978 837 4032 Τ.
854 3977 887 4032 X
