2975 4884
385 232 450 254 ''
549 279 823 333 oneurcr.
1145 265 1221 339 875

148 414 382 530 irrepserint,
437 432 705 509 Valckenarius
752 436 806 507 sic
846 434 1030 531 explicare
1069 450 1256 513 concurr*

149 552 478 640 „Eustachium
529 556 713 630 veteris
766 553 1012 648 cujusdem
1064 558 1222 633 Gram-

150 674 534 778 „maticinctam
569 696 773 768 arguere
805 697 897 747 nen
931 697 1092 750 ausum
1118 699 1223 751 ncn-

15 788 17 791 ’
149 792 297 880 „nihil
323 802 478 869 tamen
503 798 821 868 immutasse.“
865 796 935 869 Est
959 819 1047 869 sane
1074 797 1224 871 mirabi-

148 913 195 987 lis
235 915 413 1003 mutatio,
455 916 538 989 sive
570 915 635 1018 ille
668 917 773 992 ἄλλοι
805 907 984 1013 scriptum
1016 919 1223 1013 invenerat,

148 1034 231 1113 sire
252 1034 439 1123 Ἀττικοί,
471 1025 539 1129 dec
563 1034 781 1131 facile'quis
807 1034 1051 1133 llalckcnmic
1078 1059 1224 1113 cences-

100 1230 104 1234 ,
148 1154 272 1241 θεῶ),
292 1154 548 1244 Eustathituu,
581 1166 627 1228 ut
657 1155 859 1254 elegantius
892 1153 1102 1254 loqueretur
1127 1160 1225 1233 scili·
1356 1242 1359 1247 ,

149 1282 226 1361 cet,
259 1296 329 1372 pru
362 1275 649 1353 Atheniensibus
665 1310 667 1317 v
681 1276 845 1350 Butades
883 1280 1107 1377 appellasse3
1134 1277 1225 1375 quid

149 1396 249 1467 enim
282 1406 359 1469 tam
392 1414 611 1494 perversum
645 1418 726 1469 esse
759 1409 901 1494 potest,
939 1420 1051 1493 quam
1083 1400 1224 1495 siquis

148 1514 214 1589 vel
246 1510 477 1590 Butadeuun
510 1518 573 1591 vel
605 1516 877 1611 Brytcadarum
914 1518 975 1592 vel
1000 1518 1095 1592 alius
1121 1520 1248 1621 qu'ur¹
1359 1610 1363 1625 ι

150 1634 323 1726 ignobilis
348 1638 434 1734 pagi
459 1658 597 1711 nomen
622 1637 671 1710 ad
692 1642 915 1717 universum
940 1636 1224 1713 Atheniensium

15 1766 22 1835 ὲ
147 1756 330 1851 populum
363 1758 561 1831 transferre
593 1757 710 1831 veliti
743 1757 872 1854 Neque
904 1779 979 1829 nnn
1004 1760 1075 1835 hcc
1099 1761 1224 1857 ipsum

148 1878 309 1953 sensisse
345 1875 495 1952 videtur
519 1878 580 1951 vir
606 1877 967 1973 praestantissimus,
992 1878 1225 1973 importunus

147 1995 234 2070 illus
250 1994 436 2079 Buteadas
462 1998 626 2073 tenacius
652 1997 815 2083 haerere,
842 2017 953 2091 quam
979 2007 1022 2069 ut
1045 1996 1123 2069 levi
1140 1999 1224 2071 nisu

149 2118 287 2213 expelli
319 2140 361 2191 se
394 2117 602 2213 patientem
638 2140 727 2193 uam
752 2100 871 2215 paene
896 2113 1136 2213 desperanter
1161 2114 1226 2196 ad-

147 2234 223 2309 dit:
248 2236 301 2311 Id
326 2260 459 2312 omne
483 2239 651 2312 fictum
677 2250 765 2328 est3
794 2234 906 2334 χηλάς
931 2232 1023 2311 vex
1049 2247 1121 2309 est
1145 2236 1221 2325 he-

145 2348 343 2445 meriee,
374 2381 465 2432 nun
498 2358 750 2448 Laconica,
786 2379 896 2430 arca
919 2378 944 2430 a
968 2356 1222 2455 quibusvis

147 2477 310 2577 κίβωτος
334 2477 586 2559 dicebatur
610 2489 656 2552 et
682 2477 833 2579 λάρναξ.
858 2475 904 2551 ld
930 2479 1120 2552 enimvero
1146 2499 1224 2552 nun

148 2597 377 2696 impediebat
410 2599 701 2688 Grammaticus,
739 2586 935 2695 queminus
969 2621 1085 2673 unum
1109 2597 1225 2673 Lacc-

150 2719 263 2808 nicis,
312 2721 470 2794 alterum
517 2720 755 2814 Mitylenaeis
804 2721 956 2818 preprie
1003 2729 1226 2807 assererent3

151 2859 359 2935 quanquam
395 2843 436 2912 in
468 2840 539 2913 hnc
570 2843 654 2937 ipsu
688 2838 928 2929 dissentiunt3
961 2861 1050 2912 nam
1086 2858 1225 2911 nomeu

145 2957 258 3054 χηλός
283 2972 411 3033 auctor
437 2960 625 3057 opusculi,
660 2958 761 3056 qued
786 2958 997 3034 inscribitur
1015 2953 1111 3033 ’tere
1136 2965 1223 3034 τἰνα

150 3076 293 3156 πόλεων
317 3081 357 3151 in
382 3081 519 3152 lriertii
543 3079 638 3151 Bibl.
663 3079 773 3151 Matr.
799 3104 836 3176 p.
853 3079 936 3153 146.
964 3075 1129 3152 Clitcriis
1144 3076 1226 3151 vin·

151 3196 260 3272 dicat.
309 3200 431 3295 Ergo,
466 3201 612 3297 niquis
639 3198 844 3273 ostenderit
869 3197 968 3271 unde
993 3196 1225 3271 Butadarum

152 3341 287 3401 numen
312 3321 457 3394 illatum
484 3324 544 3408 sit,
570 3319 716 3397 traditis
743 3321 970 3417 acquiescam
989 3330 1223 3414 statuamque

153 3440 422 3517 Grammaticus
457 3425 638 3537 quasdam
663 3462 799 3514 nemen
826 3440 967 3542 λάρναξ
990 3438 1223 3515 Atheniensi·
1292 3469 1294 3473 ·

150 3559 221 3632 bus
254 3564 295 3633 in
327 3585 541 3650 commune,
576 3568 660 3635 eum
686 3574 833 3650 autem,
873 3585 983 3658 quem
1009 3557 1227 3634 Eustatbius

151 3683 329 3777 sequitur,
354 3681 509 3767 Butadis
534 3684 686 3785 proprie
711 3682 935 3756 attribuisse.
961 3681 1038 3755 Nec
1063 3676 1136 3752 lide
1163 3676 1227 3750 ab·

151 3800 296 3891 horret,
323 3803 418 3875 inter
444 3805 606 3898 singulas
631 3802 777 3889 Atticae
802 3826 929 3902 pagos,
955 3810 999 3874 ut
1024 3802 1227 3873 maximam
1324 3874 1332 3893 x

151 3942 301 3995 merum
329 3917 394 4020 [¹],
434 3926 488 3997 ita
527 3923 746 3997 nonnullam
788 3924 938 3998 dialecti
983 3920 1226 3996 differentiam

226 4089 266 4161 [ί]
293 4093 501 4175 Ἐζωμῳδοῦντο
520 4097 547 4150 cl
560 4094 700 4169 Ἀχαρνεῖς
713 4093 752 4156 ’ὥς
777 4092 867 4169 ἄγριοι
896 4099 943 4150 καὶ
968 4095 1094 4165 σκληροὶ,
1121 4095 1227 4163 Θυμοι·
1321 4158 1323 4165 Ι
