2975 4884
545 281 818 339 onrnrca
888 318 891 325 =
1139 270 1216 344 877

146 460 222 511 non
264 438 411 515 diversa
450 436 601 539 videtur
639 447 906 537 προςωποῦττα
942 442 1093 543 ἀγγεῖον
1121 455 1214 538 χαλ-

146 569 258 647 κοῦν,
307 564 348 636 ἐν
382 554 413 658 ᾧ
444 560 492 638 τὰ
527 559 607 657 ἱερὰ
641 561 804 656 ἔπεμπον
838 557 1000 651 Hesych.
1035 582 1103 655 prp
1121 638 1125 643 ,
1140 586 1213 659 quc

146 701 259 774 quum
293 677 501 771 Hesychius
534 677 775 751 substitueret
806 680 956 756 ἔπεττον
991 680 1146 754 Emend.
1173 683 1215 755 Τ.

145 796 207 869 lV.
241 821 277 894 p.
312 799 398 871 282.
432 795 686 871 demonstrare
722 795 909 887 debebat‚'
933 804 1093 895 speciem
1120 805 1216 897 ejus·

145 916 269 1005 modi,
297 917 443 1013 qualem
469 939 607 989 nemen
629 928 896 1015 προςωποῦττα
920 918 1101 1010 declaret,
1134 926 1217 996 vasi
1261 963 1263 967 <
1308 1014 1311 1021 ,

145 1038 359 1133 coquinario
385 1039 509 1133 petius
535 1059 643 1134 quam
672 1037 877 1110 conditorio
905 1044 1110 1114 convenire.
1145 1042 1217 1116 Ve-
1261 1046 1264 1053 '

144 1178 229 1229 rum
270 1154 318 1228 de
355 1157 425 1230 boc
457 1180 588 1252 genere
619 1156 887 1231 vocabulorum
919 1163 1028 1250 satis3
1051 1163 1106 1265 xiu
1144 1186 1216 1260 quc

37 1314 42 1323 -
145 1277 291 1351 nullum
316 1289 437 1368 extat,
464 1277 563 1375 quod
588 1278 823 1378 obscuritatis
850 1277 1081 1354 adhibendae
1107 1304 1217 1357 causa

145 1408 335 1493 repertum
356 1440 359 1446 ·
377 1398 557 1474 videatur.
622 1397 718 1472 Nam
752 1400 847 1471 sicut
880 1402 1046 1474 emnium
1082 1404 1217 1503 artium

145 1531 234 1591 sunt
265 1517 445 1616 quaedam
481 1520 634 1615 propria
659 1519 830 1608 nemina,
855 1542 949 1616 qnae
969 1520 1144 1595 hemines
1170 1521 1217 1595 de
1242 1520 1248 1531 ’

146 1639 273 1712 schola
297 1638 442 1739 prinam
466 1637 615 1736 τεχνικοί
640 1650 794 1727 vocant,
828 1640 952 1734 qualia
977 1642 1096 1715 multa
1122 1642 1216 1741 alip-

147 1762 214 1849 tis,
242 1760 398 1847 cimicis,
423 1759 638 1845 metallicis,
664 1759 806 1830 tactieis
833 1769 870 1830 et
894 1760 1131 1854 palaestricis
1145 1762 1217 1835 fre·

148 1891 325 1975 quentata
362 1877 571 1971 Hesychius
611 1887 648 1947 et
686 1875 821 1955 Pollux
859 1855 1123 1968 adnumerant,
1164 1884 1218 1955 ita

148 2001 262 2072 etiam
297 1999 415 2072 auctis
450 1996 568 2069 cuitus
600 1994 825 2067 sacrificabis·
842 1997 1115 2086 instrumentis,
1167 2000 1218 2090 bi,

145 2141 264 2218 penes
296 2140 389 2215 ques
415 2139 542 2189 earum
566 2136 689 2187 rerum
717 2112 991 2191 administratio
1018 2127 1115 2205 erat,
1149 2140 1217 2192 suc

141 2242 230 2336 jure
245 2288 249 2297 =
262 2237 471 2323 asciverunt
502 2234 685 2313 vocabula
718 2236 800 2311 aliis
825 2224 1027 2332 iucegrnita,
1053 2260 1217 2314 necessa-

17 2356 19 2415 !
145 2362 206 2433 ria
232 2357 313 2431 sibi.

611 2635 812 2735 §.m
923 2632 972 2751 J

250 2842 349 2916 Huic
382 2865 448 2945 ex,
461 2842 619 2917 adverse
651 2863 790 2937 penam
822 2841 925 2914 aliud
950 2863 1079 2935 genus,
1117 2841 1219 2937 qued

148 2964 305 3061 propius
339 2962 389 3035 ad
422 2959 703 3033 similitudinem
736 2961 837 3034 illius
863 2964 1042 3054 mysticae
1070 2960 1218 3036 dialecti

147 3085 290 3177 vergit,
316 3084 453 3178 quippe
479 3103 555 3152 nen
580 3090 658 3152 tam
684 3081 912 3153 necessitatis
939 3102 1048 3171 causa
1074 3081 1218 3155 adhibi·

148 3214 250 3289 tum,
282 3223 392 3299 qnam
427 3203 650 3274 extrinsecus
676 3201 911 3290 arcessitum,
947 3203 1084 3299 partim
1110 3200 1217 3276 deco·

148 3324 201 3394 ris
227 3335 265 3393 et
290 3321 540 3415 scmnnlcgiac
564 3319 714 3408 studio,
739 3322 877 3418 partim
902 3319 951 3394 ad
977 3320 1218 3396 devitandum

44 3429 57 3451 ⁹
149 3441 265 3515 verba
289 3441 472 3516 obscoena
496 3440 664 3538 maleque
682 3434 864 3514 ominata?
881 3442 1116 3540 Epiphanius
1132 3439 1220 3541 εὰν.
1327 3530 1334 3541 Ι

149 3559 263 3634 Haer.
295 3560 338 3633 L.
368 3562 415 3640 ll.
447 3561 534 3634 485.
568 3559 610 3634 T.
645 3562 692 3635 IL
724 3560 849 3637 Petav.
882 3564 950 3648 τὰς
978 3563 1093 3659 χολὰς
1126 3569 1218 3663 yiv-

149 3680 249 3765 κείας
275 3681 369 3780 φασὶ
393 3682 457 3757 καὶ
480 3683 523 3757 τὸ
550 3684 632 3768 ὅξος
657 3683 738 3782 μέλι
763 3681 859 3767 τινὲς
883 3679 1133 3777 ἐπωνόμασαν
1154 3681 1218 3757 καὶ

147 3801 218 3886 τὰς
238 3798 429 3900 ’liprandus
452 3802 682 3903 Εὐμενίδας,
708 3826 776 3899 per
801 3800 1029 3899 antiphrasin
1056 3798 1217 3897 quidem,

149 3931 194 3991 ut
217 3919 392 3993 Helladis
417 3920 538 4018 piacet
562 3944 598 4017 p.
625 3920 712 3994 847.
736 3923 819 3995 sive
845 3920 1149 4019 euphemismum,
1175 3931 1218 3993 ut

152 4036 274 4111 Scbcl.
299 4039 377 4113 Nic
404 4039 511 4115 Ther.
538 4038 624 4117 594.
657 4043 726 4139 τὴν
747 4041 863 4139 χολὴν
886 4050 1061 4145 γλυκεῖαν
1085 4042 1150 4119 καὶ
1172 4040 1216 4116 τὸ
