<?xml version="1.0" encoding="UTF-8"?>
<!DOCTYPE html PUBLIC "-//W3C//DTD XHTML 1.0 Transitional//EN"
    "http://www.w3.org/TR/xhtml1/DTD/xhtml1-transitional.dtd">
<html xmlns="http://www.w3.org/1999/xhtml" xml:lang="en" lang="en">
 <head>
  <title>
</title>
<meta http-equiv="Content-Type" content="text/html;charset=utf-8" />
  <meta name='ocr-system' content='tesseract 3.04.00' />
  <meta name='ocr-capabilities' content='ocr_page ocr_carea ocr_par ocr_line ocrx_word'/>
</head>
<body>
  <div class='ocr_page' id='page_1' title='image "aglaophamussive01lobegoog_0562.png"; bbox 0 0 2975 4884; ppageno 0'>
   <div class='ocr_carea' id='block_1_1' title="bbox 299 280 1028 355">
    <p class='ocr_par' dir='ltr' id='par_1_1' title="bbox 299 280 1028 355">
     <span class='ocr_line' id='line_1_1' title="bbox 299 280 1028 355; baseline -0.011 0"><span class='ocrx_word' id='word_1_1' title='bbox 299 280 397 355; x_wconf 82' lang='grc'><strong>1328</strong></span> <span class='ocrx_word' id='word_1_2' title='bbox 633 292 776 347; x_wconf 79' lang='lat' dir='ltr'><strong>nunna</strong></span> <span class='ocrx_word' id='word_1_3' title='bbox 809 295 1028 348; x_wconf 82' lang='lat' dir='ltr'><strong>rnarros.</strong></span> 
     </span>
    </p>
   </div>
   <div class='ocr_carea' id='block_1_2' title="bbox 259 418 1477 3188">
    <p class='ocr_par' dir='ltr' id='par_1_2' title="bbox 259 418 1477 3188">
     <span class='ocr_line' id='line_1_2' title="bbox 297 418 1477 559; baseline 0.001 -35"><span class='ocrx_word' id='word_1_4' title='bbox 297 453 346 549; x_wconf 87' lang='lat' dir='ltr'><strong>ad</strong></span> <span class='ocrx_word' id='word_1_5' title='bbox 373 418 579 546; x_wconf 77' lang='lat' dir='ltr'><strong>lluperturn</strong></span> <span class='ocrx_word' id='word_1_6' title='bbox 614 446 788 525; x_wconf 87' lang='lat' dir='ltr'><strong>XXXVI.</strong></span> <span class='ocrx_word' id='word_1_7' title='bbox 815 448 908 559; x_wconf 91' lang='grc'><strong>304.</strong></span> <span class='ocrx_word' id='word_1_8' title='bbox 951 445 1217 543; x_wconf 70' lang='lat' dir='ltr'><strong>chrysostomo</strong></span> <span class='ocrx_word' id='word_1_9' title='bbox 1250 453 1360 524; x_wconf 82' lang='lat' dir='ltr'><strong>tacite</strong></span> <span class='ocrx_word' id='word_1_10' title='bbox 1475 480 1477 487; x_wconf 54' lang='lat'><strong><em>⁴</em></strong></span> 
     </span>
     <span class='ocr_line' id='line_1_3' title="bbox 298 567 1375 673; baseline -0.003 -25"><span class='ocrx_word' id='word_1_11' title='bbox 298 567 580 670; x_wconf 69' lang='grc' dir='ltr'><strong><em>Σαμοθρᾶκους</em></strong></span> <span class='ocrx_word' id='word_1_12' title='bbox 604 567 850 673; x_wconf 84' lang='lat' dir='ltr'><strong>substituens,</strong></span> <span class='ocrx_word' id='word_1_13' title='bbox 881 568 967 639; x_wconf 78' lang='lat' dir='ltr'><strong>hcc&#39;</strong></span> <span class='ocrx_word' id='word_1_14' title='bbox 998 573 1199 659; x_wconf 84' lang='lat' dir='ltr'><strong>nomine,</strong></span> <span class='ocrx_word' id='word_1_15' title='bbox 1222 572 1375 668; x_wconf 82' lang='lat' dir='ltr'><strong>inquit,</strong></span> 
     </span>
     <span class='ocr_line' id='line_1_4' title="bbox 300 686 1363 791; baseline 0 -27"><span class='ocrx_word' id='word_1_16' title='bbox 300 692 385 765; x_wconf 88' lang='lat' dir='ltr'><strong>alii</strong></span> <span class='ocrx_word' id='word_1_17' title='bbox 432 690 671 763; x_wconf 88' lang='lat' dir='ltr'><strong>moriones</strong></span> <span class='ocrx_word' id='word_1_18' title='bbox 718 700 763 761; x_wconf 84' lang='lat' dir='ltr'><strong>et</strong></span> <span class='ocrx_word' id='word_1_19' title='bbox 808 686 1363 791; x_wconf 63' lang='lat' dir='ltr'><strong>ridicularIosjscurras,</strong></span> 
     </span>
     <span class='ocr_line' id='line_1_5' title="bbox 299 790 1364 910; baseline -0.001 -25"><span class='ocrx_word' id='word_1_20' title='bbox 299 811 386 886; x_wconf 88' lang='lat' dir='ltr'><strong>alii</strong></span> <span class='ocrx_word' id='word_1_21' title='bbox 409 808 595 908; x_wconf 78' lang='lat' dir='ltr'>plebem</span> <span class='ocrx_word' id='word_1_22' title='bbox 621 810 667 879; x_wconf 93' lang='lat' dir='ltr'><strong>in</strong></span> <span class='ocrx_word' id='word_1_23' title='bbox 693 807 884 910; x_wconf 82' lang='lat' dir='ltr'><strong>circulis</strong></span> <span class='ocrx_word' id='word_1_24' title='bbox 910 790 1156 881; x_wconf 84' lang='lat' dir='ltr'><strong>ductantes</strong></span> <span class='ocrx_word' id='word_1_25' title='bbox 1177 809 1364 907; x_wconf 86' lang='lat' dir='ltr'><strong>planos·</strong></span> 
     </span>
     <span class='ocr_line' id='line_1_6' title="bbox 259 927 1364 1028; baseline -0.001 -25"><span class='ocrx_word' id='word_1_26' title='bbox 259 944 264 957; x_wconf 89' lang='lat'>&#39;</span> <span class='ocrx_word' id='word_1_27' title='bbox 298 954 402 1028; x_wconf 60' lang='lat' dir='ltr'><strong>que,</strong></span> <span class='ocrx_word' id='word_1_28' title='bbox 425 929 614 1002; x_wconf 86' lang='lat' dir='ltr'><strong>deorum</strong></span> <span class='ocrx_word' id='word_1_29' title='bbox 656 927 1091 1000; x_wconf 84' lang='lat' dir='ltr'><strong>Samothraciorum</strong></span> <span class='ocrx_word' id='word_1_30' title='bbox 1126 950 1364 1002; x_wconf 84' lang='lat' dir='ltr'><strong>consecra·</strong></span> 
     </span>
     <span class='ocr_line' id='line_1_7' title="bbox 299 1046 1364 1141; baseline 0 -19"><span class='ocrx_word' id='word_1_31' title='bbox 299 1071 411 1123; x_wconf 91' lang='lat' dir='ltr'><strong>neos</strong></span> <span class='ocrx_word' id='word_1_32' title='bbox 453 1047 739 1141; x_wconf 82' lang='lat' dir='ltr'><strong>intelligunt</strong></span> <span class='ocrx_word' id='word_1_33' title='bbox 811 1046 945 1119; x_wconf 87' lang='lat' dir='ltr'><strong>Verum</strong></span> <span class='ocrx_word' id='word_1_34' title='bbox 975 1048 1015 1118; x_wconf 90' lang='lat' dir='ltr'><strong>in</strong></span> <span class='ocrx_word' id='word_1_35' title='bbox 1048 1049 1149 1119; x_wconf 82' lang='lat' dir='ltr'><strong>omm‘</strong></span> <span class='ocrx_word' id='word_1_36' title='bbox 1182 1052 1364 1122; x_wconf 84' lang='lat' dir='ltr'><strong>memoria</strong></span> 
     </span>
     <span class='ocr_line' id='line_1_8' title="bbox 299 1166 1364 1260; baseline 0.001 -18"><span class='ocrx_word' id='word_1_37' title='bbox 299 1169 507 1243; x_wconf 89' lang='lat' dir='ltr'><strong>inauditum</strong></span> <span class='ocrx_word' id='word_1_38' title='bbox 532 1176 589 1240; x_wconf 82' lang='lat' dir='ltr'><strong>est</strong></span> <span class='ocrx_word' id='word_1_39' title='bbox 615 1166 769 1241; x_wconf 87' lang='lat' dir='ltr'><strong>deorum</strong></span> <span class='ocrx_word' id='word_1_40' title='bbox 795 1186 1011 1260; x_wconf 81' lang='lat' dir='ltr'><strong>magnorum</strong></span> <span class='ocrx_word' id='word_1_41' title='bbox 1047 1167 1253 1241; x_wconf 73' lang='lat' dir='ltr'><strong>sacerdotes</strong></span> <span class='ocrx_word' id='word_1_42' title='bbox 1274 1166 1364 1243; x_wconf 86' lang='lat' dir='ltr'><strong>laia·</strong></span> 
     </span>
     <span class='ocr_line' id='line_1_9' title="bbox 300 1287 1364 1382; baseline 0.002 -19"><span class='ocrx_word' id='word_1_43' title='bbox 300 1312 426 1363; x_wconf 88' lang='lat' dir='ltr'><strong>corum</strong></span> <span class='ocrx_word' id='word_1_44' title='bbox 458 1310 562 1361; x_wconf 88' lang='lat' dir='ltr'><strong>more</strong></span> <span class='ocrx_word' id='word_1_45' title='bbox 595 1287 787 1360; x_wconf 85' lang='lat' dir='ltr'><strong>circulatos</strong></span> <span class='ocrx_word' id='word_1_46' title='bbox 819 1307 1027 1382; x_wconf 80' lang='lat' dir='ltr'><strong>nomenque</strong></span> <span class='ocrx_word' id='word_1_47' title='bbox 1052 1308 1161 1363; x_wconf 84' lang='lat' dir='ltr'><strong>suum</strong></span> <span class='ocrx_word' id='word_1_48' title='bbox 1184 1290 1281 1360; x_wconf 88' lang='lat' dir='ltr'><strong>inter</strong></span> <span class='ocrx_word' id='word_1_49' title='bbox 1307 1293 1364 1365; x_wconf 87' lang='lat' dir='ltr'><strong>vi-</strong></span> 
     </span>
     <span class='ocr_line' id='line_1_10' title="bbox 300 1400 1365 1508; baseline 0 -26"><span class='ocrx_word' id='word_1_50' title='bbox 300 1410 354 1482; x_wconf 87' lang='lat' dir='ltr'><strong>les</strong></span> <span class='ocrx_word' id='word_1_51' title='bbox 387 1400 534 1501; x_wconf 75' lang='lat' dir='ltr'><strong>agy&#39;rtas</strong></span> <span class='ocrx_word' id='word_1_52' title='bbox 567 1418 677 1502; x_wconf 90' lang='lat' dir='ltr'><strong>atque</strong></span> <span class='ocrx_word' id='word_1_53' title='bbox 709 1404 802 1477; x_wconf 90' lang='lat' dir='ltr'><strong>adeo</strong></span> <span class='ocrx_word' id='word_1_54' title='bbox 835 1428 976 1479; x_wconf 85' lang='lat' dir='ltr'><strong>scurras</strong></span> <span class='ocrx_word' id='word_1_55' title='bbox 1008 1407 1194 1503; x_wconf 84' lang='lat' dir='ltr'><strong>professos</strong></span> <span class='ocrx_word' id='word_1_56' title='bbox 1219 1411 1365 1508; x_wconf 78' lang='lat' dir='ltr'><strong>esse[⁰].</strong></span> 
     </span>
     <span class='ocr_line' id='line_1_11' title="bbox 300 1522 1364 1623; baseline 0.001 -22"><span class='ocrx_word' id='word_1_57' title='bbox 300 1529 445 1623; x_wconf 84' lang='lat' dir='ltr'><strong>Neque,</strong></span> <span class='ocrx_word' id='word_1_58' title='bbox 479 1528 512 1598; x_wconf 90' lang='lat' dir='ltr'><strong>si</strong></span> <span class='ocrx_word' id='word_1_59' title='bbox 545 1528 726 1599; x_wconf 88' lang='lat' dir='ltr'><strong>nescimus</strong></span> <span class='ocrx_word' id='word_1_60' title='bbox 762 1522 860 1597; x_wconf 91' lang='lat' dir='ltr'><strong>unde</strong></span> <span class='ocrx_word' id='word_1_61' title='bbox 886 1525 1103 1599; x_wconf 77' lang='lat' dir='ltr'><strong>samardaci·</strong></span> <span class='ocrx_word' id='word_1_62' title='bbox 1129 1529 1191 1603; x_wconf 82' lang='lat' dir='ltr'><strong>vel</strong></span> <span class='ocrx_word' id='word_1_63' title='bbox 1216 1530 1364 1603; x_wconf 86' lang='lat' dir='ltr'><strong>Sanna-</strong></span> 
     </span>
     <span class='ocr_line' id='line_1_12' title="bbox 301 1640 1365 1744; baseline 0.003 -24"><span class='ocrx_word' id='word_1_64' title='bbox 301 1648 401 1721; x_wconf 83' lang='lat' dir='ltr'><strong>dooi&#39;</strong></span> <span class='ocrx_word' id='word_1_65' title='bbox 417 1645 595 1744; x_wconf 87' lang='lat' dir='ltr'><strong>appellati</strong></span> <span class='ocrx_word' id='word_1_66' title='bbox 620 1647 695 1718; x_wconf 88' lang='lat' dir='ltr'><strong>sint</strong></span> <span class='ocrx_word' id='word_1_67' title='bbox 703 1640 771 1742; x_wconf 71' lang='lat'><strong>[⁶],</strong></span> <span class='ocrx_word' id='word_1_68' title='bbox 796 1645 886 1717; x_wconf 84' lang='lat' dir='ltr'><strong>baec</strong></span> <span class='ocrx_word' id='word_1_69' title='bbox 910 1645 1045 1718; x_wconf 85' lang='lat' dir='ltr'><strong>idonea</strong></span> <span class='ocrx_word' id='word_1_70' title='bbox 1068 1650 1186 1738; x_wconf 87' lang='lat' dir='ltr'><strong>ratio,</strong></span> <span class='ocrx_word' id='word_1_71' title='bbox 1209 1671 1273 1722; x_wconf 90' lang='lat' dir='ltr'><strong>cur</strong></span> <span class='ocrx_word' id='word_1_72' title='bbox 1298 1673 1365 1723; x_wconf 89' lang='lat' dir='ltr'><strong>eos</strong></span> 
     </span>
     <span class='ocr_line' id='line_1_13' title="bbox 300 1763 1367 1872; baseline 0.002 -30"><span class='ocrx_word' id='word_1_73' title='bbox 300 1766 575 1842; x_wconf 86' lang='lat' dir='ltr'><strong>Samotbracios</strong></span> <span class='ocrx_word' id='word_1_74' title='bbox 609 1765 724 1838; x_wconf 67' lang='lat' dir='ltr'><strong>fulmo</strong></span> <span class='ocrx_word' id='word_1_75' title='bbox 749 1763 948 1838; x_wconf 75' lang='lat' dir='ltr'><strong>credamus</strong></span> <span class='ocrx_word' id='word_1_76' title='bbox 998 1765 1125 1872; x_wconf 70' lang='lat' dir='ltr'><strong>doque</strong></span> <span class='ocrx_word' id='word_1_77' title='bbox 1149 1780 1286 1865; x_wconf 77' lang='lat' dir='ltr'><strong>inagna</strong></span> <span class='ocrx_word' id='word_1_78' title='bbox 1306 1782 1367 1844; x_wconf 86' lang='lat' dir='ltr'><strong>cst</strong></span> 
     </span>
     <span class='ocr_line' id='line_1_14' title="bbox 299 1882 1364 1987; baseline 0.003 -27"><span class='ocrx_word' id='word_1_79' title='bbox 299 1892 395 1960; x_wconf 86' lang='lat' dir='ltr'><strong>inter</strong></span> <span class='ocrx_word' id='word_1_80' title='bbox 436 1882 594 1958; x_wconf 84' lang='lat' dir='ltr'><strong>Cobalos</strong></span> <span class='ocrx_word' id='word_1_81' title='bbox 634 1897 672 1956; x_wconf 87' lang='lat' dir='ltr'><strong>et</strong></span> <span class='ocrx_word' id='word_1_82' title='bbox 704 1882 857 1958; x_wconf 87' lang='lat' dir='ltr'><strong>Cabiros</strong></span> <span class='ocrx_word' id='word_1_83' title='bbox 891 1886 1171 1977; x_wconf 80' lang='lat' dir='ltr'><strong>dissimilitudo,</strong></span> <span class='ocrx_word' id='word_1_84' title='bbox 1206 1912 1364 1987; x_wconf 90' lang='lat' dir='ltr'><strong>quornm</strong></span> 
     </span>
     <span class='ocr_line' id='line_1_15' title="bbox 300 1996 1365 2100; baseline 0.002 -19"><span class='ocrx_word' id='word_1_85' title='bbox 300 2009 356 2095; x_wconf 92' lang='lat' dir='ltr'><strong>illi</strong></span> <span class='ocrx_word' id='word_1_86' title='bbox 390 2006 515 2078; x_wconf 84' lang='lat' dir='ltr'><strong>Liberi</strong></span> <span class='ocrx_word' id='word_1_87' title='bbox 548 2004 666 2077; x_wconf 88' lang='lat' dir='ltr'><strong>Patris</strong></span> <span class='ocrx_word' id='word_1_88' title='bbox 693 2005 939 2100; x_wconf 77' lang='lat' dir='ltr'><strong>perhibentur</strong></span> <span class='ocrx_word' id='word_1_89' title='bbox 964 2007 1142 2080; x_wconf 80' lang='lat' dir='ltr'><strong>satellites</strong></span> <span class='ocrx_word' id='word_1_90' title='bbox 1167 2009 1299 2082; x_wconf 88' lang='lat' dir='ltr'><strong>ludicri</strong></span> <span class='ocrx_word' id='word_1_91' title='bbox 1326 1996 1365 2083; x_wconf 77' lang='lat' dir='ltr'><strong>et</strong></span> 
     </span>
     <span class='ocr_line' id='line_1_16' title="bbox 300 2123 1363 2215; baseline 0.003 -14"><span class='ocrx_word' id='word_1_92' title='bbox 300 2126 487 2215; x_wconf 76' lang='lat' dir='ltr'><strong>scurriles,</strong></span> <span class='ocrx_word' id='word_1_93' title='bbox 529 2123 568 2196; x_wconf 86' lang='lat' dir='ltr'><strong>hi</strong></span> <span class='ocrx_word' id='word_1_94' title='bbox 609 2145 697 2199; x_wconf 84' lang='lat' dir='ltr'><strong>vero</strong></span> <span class='ocrx_word' id='word_1_95' title='bbox 738 2134 804 2195; x_wconf 84' lang='lat' dir='ltr'><strong>au&#39;t</strong></span> <span class='ocrx_word' id='word_1_96' title='bbox 836 2124 989 2201; x_wconf 90' lang='lat' dir='ltr'><strong>deorum</strong></span> <span class='ocrx_word' id='word_1_97' title='bbox 1024 2126 1363 2213; x_wconf 83' lang='lat' dir='ltr'><strong>Samotbraciorum</strong></span> 
     </span>
     <span class='ocr_line' id='line_1_17' title="bbox 301 2245 1364 2347; baseline 0.002 -25"><span class='ocrx_word' id='word_1_98' title='bbox 301 2249 457 2322; x_wconf 86' lang='lat' dir='ltr'><strong>cultores</strong></span> <span class='ocrx_word' id='word_1_99' title='bbox 492 2247 736 2321; x_wconf 79' lang='lat' dir='ltr'><strong>vemstissimi</strong></span> <span class='ocrx_word' id='word_1_100' title='bbox 766 2258 832 2318; x_wconf 91' lang='lat' dir='ltr'><strong>aut</strong></span> <span class='ocrx_word' id='word_1_101' title='bbox 864 2245 917 2319; x_wconf 90' lang='lat' dir='ltr'><strong>dii</strong></span> <span class='ocrx_word' id='word_1_102' title='bbox 949 2250 1041 2345; x_wconf 91' lang='lat' dir='ltr'><strong>ipsi,</strong></span> <span class='ocrx_word' id='word_1_103' title='bbox 1074 2251 1137 2347; x_wconf 90' lang='lat' dir='ltr'><strong>qui</strong></span> <span class='ocrx_word' id='word_1_104' title='bbox 1161 2250 1199 2321; x_wconf 88' lang='lat' dir='ltr'><strong>in</strong></span> <span class='ocrx_word' id='word_1_105' title='bbox 1225 2264 1364 2343; x_wconf 88' lang='lat' dir='ltr'><strong>myste-</strong></span> 
     </span>
     <span class='ocr_line' id='line_1_18' title="bbox 299 2361 1361 2467; baseline 0.005 -28"><span class='ocrx_word' id='word_1_106' title='bbox 299 2370 365 2439; x_wconf 83' lang='lat' dir='ltr'><strong>riis</strong></span> <span class='ocrx_word' id='word_1_107' title='bbox 398 2361 627 2452; x_wconf 78' lang='lat' dir='ltr'><strong>colebantur,</strong></span> <span class='ocrx_word' id='word_1_108' title='bbox 664 2369 788 2459; x_wconf 80' lang='lat' dir='ltr'><strong>magni</strong></span> <span class='ocrx_word' id='word_1_109' title='bbox 821 2377 931 2462; x_wconf 88' lang='lat' dir='ltr'><strong>atquc</strong></span> <span class='ocrx_word' id='word_1_110' title='bbox 963 2371 1164 2463; x_wconf 76' lang='lat' dir='ltr'><strong>magnifici,</strong></span> <span class='ocrx_word' id='word_1_111' title='bbox 1203 2392 1361 2467; x_wconf 87' lang='lat' dir='ltr'><strong>quorum</strong></span> 
     </span>
     <span class='ocr_line' id='line_1_19' title="bbox 299 2483 1361 2586; baseline 0.007 -28"><span class='ocrx_word' id='word_1_112' title='bbox 299 2508 436 2559; x_wconf 87' lang='lat' dir='ltr'><strong>nomen</strong></span> <span class='ocrx_word' id='word_1_113' title='bbox 469 2483 519 2559; x_wconf 88' lang='lat' dir='ltr'><strong>ad</strong></span> <span class='ocrx_word' id='word_1_114' title='bbox 552 2485 719 2557; x_wconf 84' lang='lat' dir='ltr'><strong>homines</strong></span> <span class='ocrx_word' id='word_1_115' title='bbox 752 2486 1016 2580; x_wconf 85' lang='lat' dir='ltr'><strong>nequissimos,</strong></span> <span class='ocrx_word' id='word_1_116' title='bbox 1051 2486 1275 2586; x_wconf 81' lang='lat' dir='ltr'><strong>praedones,</strong></span> <span class='ocrx_word' id='word_1_117' title='bbox 1301 2515 1361 2564; x_wconf 89' lang='lat' dir='ltr'><strong>oa-</strong></span> 
     </span>
     <span class='ocr_line' id='line_1_20' title="bbox 299 2604 1362 2707; baseline 0.005 -28"><span class='ocrx_word' id='word_1_118' title='bbox 299 2604 507 2692; x_wconf 88' lang='lat' dir='ltr'><strong>villatorcs,</strong></span> <span class='ocrx_word' id='word_1_119' title='bbox 544 2625 687 2705; x_wconf 80' lang='lat' dir='ltr'><strong>scurras</strong></span> <span class='ocrx_word' id='word_1_120' title='bbox 727 2604 944 2679; x_wconf 86' lang='lat' dir='ltr'><strong>translatum</strong></span> <span class='ocrx_word' id='word_1_121' title='bbox 974 2608 1207 2707; x_wconf 80' lang='lat' dir='ltr'><strong>cosdemque</strong></span> <span class='ocrx_word' id='word_1_122' title='bbox 1246 2611 1362 2684; x_wconf 93' lang='lat' dir='ltr'><strong>modo</strong></span> 
     </span>
     <span class='ocr_line' id='line_1_21' title="bbox 298 2718 1364 2826; baseline 0.007 -28"><span class='ocrx_word' id='word_1_123' title='bbox 298 2721 452 2798; x_wconf 86' lang='lat' dir='ltr'><strong>Cabiros</strong></span> <span class='ocrx_word' id='word_1_124' title='bbox 477 2721 589 2796; x_wconf 87' lang='lat' dir='ltr'><strong>modo</strong></span> <span class='ocrx_word' id='word_1_125' title='bbox 616 2718 776 2795; x_wconf 86' lang='lat' dir='ltr'><strong>Cobalos</strong></span> <span class='ocrx_word' id='word_1_126' title='bbox 803 2721 920 2807; x_wconf 89' lang='lat' dir='ltr'><strong>dictos</strong></span> <span class='ocrx_word' id='word_1_127' title='bbox 945 2750 1037 2817; x_wconf 88' lang='lat' dir='ltr'><strong>esse,</strong></span> <span class='ocrx_word' id='word_1_128' title='bbox 1061 2730 1162 2803; x_wconf 88' lang='lat' dir='ltr'><strong>adeo</strong></span> <span class='ocrx_word' id='word_1_129' title='bbox 1182 2745 1364 2826; x_wconf 79' lang='lat' dir='ltr'><strong>repugnat</strong></span> 
     </span>
     <span class='ocr_line' id='line_1_22' title="bbox 297 2839 1360 2935; baseline -0.007 -19"><span class='ocrx_word' id='word_1_130' title='bbox 297 2856 340 2917; x_wconf 89' lang='lat' dir='ltr'><strong>ut</strong></span> <span class='ocrx_word' id='word_1_131' title='bbox 363 2846 429 2919; x_wconf 83' lang='lat' dir='ltr'><strong>vix</strong></span> <span class='ocrx_word' id='word_1_132' title='bbox 453 2844 550 2915; x_wconf 88' lang='lat' dir='ltr'><strong>serio</strong></span> <span class='ocrx_word' id='word_1_133' title='bbox 575 2839 748 2935; x_wconf 80' lang='lat' dir='ltr'><strong>affirmari</strong></span> <span class='ocrx_word' id='word_1_134' title='bbox 774 2842 953 2935; x_wconf 53' lang='lat' dir='ltr'><strong>valenter.</strong></span> <span class='ocrx_word' id='word_1_135' title='bbox 1004 2848 1261 2922; x_wconf 68' lang='lat' dir='ltr'><strong>Praetermitto</strong></span> <span class='ocrx_word' id='word_1_136' title='bbox 1288 2854 1360 2925; x_wconf 58' lang='grc' dir='ltr'><strong>θῇ.</strong></span> 
     </span>
     <span class='ocr_line' id='line_1_23' title="bbox 296 2962 1359 3056; baseline 0.01 -23"><span class='ocrx_word' id='word_1_137' title='bbox 296 2964 398 3056; x_wconf 82' lang='lat' dir='ltr'><strong>gines</strong></span> <span class='ocrx_word' id='word_1_138' title='bbox 438 2962 597 3034; x_wconf 81' lang='lat' dir='ltr'><strong>nominis</strong></span> <span class='ocrx_word' id='word_1_139' title='bbox 637 2962 812 3051; x_wconf 85' lang='lat' dir='ltr'><strong>Punicas,</strong></span> <span class='ocrx_word' id='word_1_140' title='bbox 829 2964 1013 3055; x_wconf 72' lang='lat' dir='ltr'><strong>dedicas,</strong></span> <span class='ocrx_word' id='word_1_141' title='bbox 1060 2969 1278 3043; x_wconf 86' lang='lat' dir='ltr'><strong>Hibernicas</strong></span> <span class='ocrx_word' id='word_1_142' title='bbox 1320 2975 1359 3044; x_wconf 79' lang='lat' dir='ltr'><strong>et</strong></span> 
     </span>
     <span class='ocr_line' id='line_1_24' title="bbox 295 3080 1359 3188; baseline 0.009 -34"><span class='ocrx_word' id='word_1_143' title='bbox 295 3103 389 3178; x_wconf 85' lang='lat' dir='ltr'><strong>quac</strong></span> <span class='ocrx_word' id='word_1_144' title='bbox 418 3080 493 3153; x_wconf 89' lang='lat' dir='ltr'><strong>alia</strong></span> <span class='ocrx_word' id='word_1_145' title='bbox 527 3080 694 3155; x_wconf 86' lang='lat' dir='ltr'><strong>homines</strong></span> <span class='ocrx_word' id='word_1_146' title='bbox 719 3105 894 3180; x_wconf 81' lang='lat' dir='ltr'><strong>perverse</strong></span> <span class='ocrx_word' id='word_1_147' title='bbox 919 3083 1019 3159; x_wconf 89' lang='lat' dir='ltr'><strong>docti</strong></span> <span class='ocrx_word' id='word_1_148' title='bbox 1044 3100 1081 3161; x_wconf 89' lang='lat' dir='ltr'><strong>et</strong></span> <span class='ocrx_word' id='word_1_149' title='bbox 1105 3093 1270 3188; x_wconf 80' lang='lat' dir='ltr'><strong>nequiter</strong></span> <span class='ocrx_word' id='word_1_150' title='bbox 1301 3094 1359 3164; x_wconf 90' lang='lat' dir='ltr'><strong>in·</strong></span> 
     </span>
    </p>
   </div>
   <div class='ocr_carea' id='block_1_3' title="bbox 188 3298 1356 3588">
    <p class='ocr_par' dir='ltr' id='par_1_3' title="bbox 188 3298 1356 3588">
     <span class='ocr_line' id='line_1_25' title="bbox 365 3298 1355 3423; baseline 0.019 -73"><span class='ocrx_word' id='word_1_151' title='bbox 365 3298 409 3423; x_wconf 46' lang='lat' dir='ltr'><strong>[eg</strong></span> <span class='ocrx_word' id='word_1_152' title='bbox 435 3301 567 3353; x_wconf 87' lang='lat' dir='ltr'><strong>Plutarch.</strong></span> <span class='ocrx_word' id='word_1_153' title='bbox 587 3303 685 3354; x_wconf 84' lang='lat' dir='ltr'><strong>Cleon.</strong></span> <span class='ocrx_word' id='word_1_154' title='bbox 710 3321 732 3354; x_wconf 88' lang='lat' dir='ltr'><strong>c.</strong></span> <span class='ocrx_word' id='word_1_155' title='bbox 751 3304 824 3358; x_wconf 82' lang='lat' dir='ltr'><strong>VIII.</strong></span> <span class='ocrx_word' id='word_1_156' title='bbox 849 3301 899 3359; x_wconf 73' lang='lat' dir='ltr'><strong>doio</strong></span> <span class='ocrx_word' id='word_1_157' title='bbox 916 3309 972 3362; x_wconf 79' lang='grc' dir='ltr'><strong>τῶν</strong></span> <span class='ocrx_word' id='word_1_158' title='bbox 987 3304 1149 3381; x_wconf 80' lang='grc' dir='ltr'><em>συντρόφων</em></span> <span class='ocrx_word' id='word_1_159' title='bbox 1166 3315 1214 3366; x_wconf 79' lang='grc' dir='ltr'><strong>τοῦ</strong></span> <span class='ocrx_word' id='word_1_160' title='bbox 1231 3315 1355 3384; x_wconf 76' lang='grc' dir='ltr'><strong><em>Κλεομέ-</em></strong></span> 
     </span>
     <span class='ocr_line' id='line_1_26' title="bbox 296 3374 1354 3453; baseline 0.014 -32"><span class='ocrx_word' id='word_1_161' title='bbox 296 3385 359 3428; x_wconf 76' lang='grc' dir='ltr'>νους</span> <span class='ocrx_word' id='word_1_162' title='bbox 376 3387 390 3422; x_wconf 92' lang='lat' dir='ltr'><strong>o</strong></span> <span class='ocrx_word' id='word_1_163' title='bbox 409 3389 423 3428; x_wconf 83' lang='grc' dir='ltr'><strong><em>ς</em></strong></span> <span class='ocrx_word' id='word_1_164' title='bbox 443 3374 629 3443; x_wconf 74' lang='grc' dir='ltr'><strong><em>Σαμοθρᾷκας</em></strong></span> <span class='ocrx_word' id='word_1_165' title='bbox 646 3375 789 3427; x_wconf 77' lang='grc' dir='ltr'><em>καλοῦσιν·</em></span> <span class='ocrx_word' id='word_1_166' title='bbox 815 3376 910 3443; x_wconf 85' lang='lat' dir='ltr'><strong>optime</strong></span> <span class='ocrx_word' id='word_1_167' title='bbox 933 3377 1121 3432; x_wconf 80' lang='lat' dir='ltr'><strong>Valckenarius</strong></span> <span class='ocrx_word' id='word_1_168' title='bbox 1144 3382 1216 3434; x_wconf 88' lang='lat' dir='ltr'><strong>Diet.</strong></span> <span class='ocrx_word' id='word_1_169' title='bbox 1239 3382 1304 3435; x_wconf 82' lang='lat' dir='ltr'><strong>Eur.</strong></span> <span class='ocrx_word' id='word_1_170' title='bbox 1327 3402 1354 3453; x_wconf 84' lang='lat' dir='ltr'><strong>p.</strong></span> 
     </span>
     <span class='ocr_line' id='line_1_27' title="bbox 188 3435 1356 3520; baseline 0.012 -27"><span class='ocrx_word' id='word_1_171' title='bbox 188 3438 190 3441; x_wconf 74' lang='grc'><strong>’</strong></span> <span class='ocrx_word' id='word_1_172' title='bbox 293 3437 354 3495; x_wconf 79' lang='lat'>228.</span> <span class='ocrx_word' id='word_1_173' title='bbox 373 3435 500 3510; x_wconf 69' lang='grc' dir='ltr'><strong><em>μόθακας</em></strong></span> <span class='ocrx_word' id='word_1_174' title='bbox 516 3443 648 3507; x_wconf 80' lang='lat' dir='ltr'><strong>emendat,</strong></span> <span class='ocrx_word' id='word_1_175' title='bbox 672 3460 705 3495; x_wconf 88' lang='lat' dir='ltr'><strong>ne</strong></span> <span class='ocrx_word' id='word_1_176' title='bbox 722 3445 781 3511; x_wconf 90' lang='lat' dir='ltr'><strong>quis</strong></span> <span class='ocrx_word' id='word_1_177' title='bbox 797 3462 891 3499; x_wconf 77' lang='lat' dir='ltr'><strong>sernas</strong></span> <span class='ocrx_word' id='word_1_178' title='bbox 913 3447 1073 3515; x_wconf 81' lang='lat' dir='ltr'><strong>Laconicas,</strong></span> <span class='ocrx_word' id='word_1_179' title='bbox 1097 3467 1206 3520; x_wconf 86' lang='lat' dir='ltr'><strong>qaorum</strong></span> <span class='ocrx_word' id='word_1_180' title='bbox 1228 3459 1290 3506; x_wconf 80' lang='lat' dir='ltr'><strong>nota</strong></span> <span class='ocrx_word' id='word_1_181' title='bbox 1313 3454 1356 3506; x_wconf 90' lang='lat' dir='ltr'><strong>di-</strong></span> 
     </span>
     <span class='ocr_line' id='line_1_28' title="bbox 294 3509 1355 3588; baseline 0.015 -29"><span class='ocrx_word' id='word_1_182' title='bbox 294 3509 404 3574; x_wconf 75' lang='lat' dir='ltr'><strong>eacitas‚</strong></span> <span class='ocrx_word' id='word_1_183' title='bbox 430 3511 611 3564; x_wconf 81' lang='lat' dir='ltr'><strong>Samothraces</strong></span> <span class='ocrx_word' id='word_1_184' title='bbox 627 3514 771 3565; x_wconf 85' lang='lat' dir='ltr'><strong>nominatos</strong></span> <span class='ocrx_word' id='word_1_185' title='bbox 788 3523 870 3583; x_wconf 67' lang='lat' dir='ltr'><strong>putet</strong></span> <span class='ocrx_word' id='word_1_186' title='bbox 888 3520 921 3570; x_wconf 84' lang='lat' dir='ltr'><strong>cl.</strong></span> <span class='ocrx_word' id='word_1_187' title='bbox 939 3519 1048 3588; x_wconf 83' lang='lat' dir='ltr'><strong>Segaar.</strong></span> <span class='ocrx_word' id='word_1_188' title='bbox 1067 3522 1101 3573; x_wconf 88' lang='lat' dir='ltr'><strong>ad</strong></span> <span class='ocrx_word' id='word_1_189' title='bbox 1119 3521 1200 3574; x_wconf 80' lang='lat' dir='ltr'><strong>elem.</strong></span> <span class='ocrx_word' id='word_1_190' title='bbox 1218 3522 1283 3585; x_wconf 78' lang='lat' dir='ltr'><strong>Quis</strong></span> <span class='ocrx_word' id='word_1_191' title='bbox 1300 3524 1355 3577; x_wconf 88' lang='lat' dir='ltr'><strong>div.</strong></span> 
     </span>
    </p>
   </div>
   <div class='ocr_carea' id='block_1_4' title="bbox 291 3697 1419 3991">
    <p class='ocr_par' dir='ltr' id='par_1_4' title="bbox 291 3697 1419 3991">
     <span class='ocr_line' id='line_1_29' title="bbox 362 3697 1353 3778; baseline 0.016 -29"><span class='ocrx_word' id='word_1_192' title='bbox 362 3697 404 3767; x_wconf 71' lang='lat' dir='ltr'><strong>[d]</strong></span> <span class='ocrx_word' id='word_1_193' title='bbox 438 3699 481 3752; x_wconf 85' lang='lat' dir='ltr'><strong>Do</strong></span> <span class='ocrx_word' id='word_1_194' title='bbox 505 3700 620 3769; x_wconf 79' lang='lat' dir='ltr'><strong>Congius</strong></span> <span class='ocrx_word' id='word_1_195' title='bbox 649 3702 675 3753; x_wconf 91' lang='lat' dir='ltr'><strong>io</strong></span> <span class='ocrx_word' id='word_1_196' title='bbox 701 3704 787 3754; x_wconf 86' lang='lat' dir='ltr'><strong>Gloss.</strong></span> <span class='ocrx_word' id='word_1_197' title='bbox 812 3705 860 3756; x_wconf 88' lang='lat' dir='ltr'><strong>Gr.</strong></span> <span class='ocrx_word' id='word_1_198' title='bbox 883 3723 971 3761; x_wconf 84' lang='lat' dir='ltr'><strong>vocem</strong></span> <span class='ocrx_word' id='word_1_199' title='bbox 995 3708 1174 3762; x_wconf 75' lang='lat' dir='ltr'><strong>Africanomm</strong></span> <span class='ocrx_word' id='word_1_200' title='bbox 1198 3728 1255 3763; x_wconf 83' lang='lat' dir='ltr'><strong>csse</strong></span> <span class='ocrx_word' id='word_1_201' title='bbox 1279 3712 1353 3778; x_wconf 79' lang='lat' dir='ltr'><strong>dicit,</strong></span> 
     </span>
     <span class='ocr_line' id='line_1_30' title="bbox 293 3768 1390 3852; baseline 0.017 -35"><span class='ocrx_word' id='word_1_202' title='bbox 293 3768 404 3820; x_wconf 72' lang='lat' dir='ltr'><strong>innume</strong></span> <span class='ocrx_word' id='word_1_203' title='bbox 420 3771 482 3837; x_wconf 86' lang='lat' dir='ltr'><strong>quis</strong></span> <span class='ocrx_word' id='word_1_204' title='bbox 499 3771 657 3839; x_wconf 72' lang='lat' dir='ltr'><strong>Augustinus</strong></span> <span class='ocrx_word' id='word_1_205' title='bbox 674 3774 820 3838; x_wconf 71' lang='lat' dir='ltr'><strong>sentitur,</strong></span> <span class='ocrx_word' id='word_1_206' title='bbox 837 3793 872 3827; x_wconf 83' lang='lat' dir='ltr'><strong>ex</strong></span> <span class='ocrx_word' id='word_1_207' title='bbox 888 3776 1117 3834; x_wconf 82' lang='lat' dir='ltr'><strong>libroTalmudico</strong></span> <span class='ocrx_word' id='word_1_208' title='bbox 1132 3782 1273 3851; x_wconf 79' lang='lat' dir='ltr'><strong>exemplum</strong></span> <span class='ocrx_word' id='word_1_209' title='bbox 1290 3800 1353 3852; x_wconf 88' lang='lat' dir='ltr'><strong>pro-</strong></span> <span class='ocrx_word' id='word_1_210' title='bbox 1385 3816 1390 3820; x_wconf 95' lang='lat'><em>-</em></span> 
     </span>
     <span class='ocr_line' id='line_1_31' title="bbox 292 3837 1353 3921; baseline 0.016 -34"><span class='ocrx_word' id='word_1_211' title='bbox 292 3839 344 3888; x_wconf 83' lang='lat' dir='ltr'><strong>fert</strong></span> <span class='ocrx_word' id='word_1_212' title='bbox 359 3837 399 3889; x_wconf 88' lang='lat' dir='ltr'><strong>Le</strong></span> <span class='ocrx_word' id='word_1_213' title='bbox 417 3839 514 3908; x_wconf 85' lang='lat' dir='ltr'><strong>Moyne</strong></span> <span class='ocrx_word' id='word_1_214' title='bbox 538 3841 571 3892; x_wconf 89' lang='lat' dir='ltr'><strong>ad</strong></span> <span class='ocrx_word' id='word_1_215' title='bbox 597 3843 670 3894; x_wconf 79' lang='lat' dir='ltr'><strong>Varo.</strong></span> <span class='ocrx_word' id='word_1_216' title='bbox 694 3843 768 3897; x_wconf 87' lang='lat' dir='ltr'><strong>Sacr.</strong></span> <span class='ocrx_word' id='word_1_217' title='bbox 793 3862 818 3913; x_wconf 82' lang='lat' dir='ltr'><strong>p.</strong></span> <span class='ocrx_word' id='word_1_218' title='bbox 837 3844 897 3897; x_wconf 79' lang='lat'>284.</span> <span class='ocrx_word' id='word_1_219' title='bbox 926 3849 1004 3916; x_wconf 74' lang='lat' dir='ltr'><strong>Apud</strong></span> <span class='ocrx_word' id='word_1_220' title='bbox 1025 3850 1064 3902; x_wconf 86' lang='lat' dir='ltr'><strong>rei</strong></span> <span class='ocrx_word' id='word_1_221' title='bbox 1088 3852 1208 3921; x_wconf 80' lang='lat' dir='ltr'><strong>agrariae</strong></span> <span class='ocrx_word' id='word_1_222' title='bbox 1231 3861 1353 3904; x_wconf 78' lang='lat' dir='ltr'><strong>auctores</strong></span> 
     </span>
     <span class='ocr_line' id='line_1_32' title="bbox 291 3908 1419 3991; baseline 0.014 -33"><span class='ocrx_word' id='word_1_223' title='bbox 291 3908 454 3960; x_wconf 86' lang='lat' dir='ltr'><strong>samardacos</strong></span> <span class='ocrx_word' id='word_1_224' title='bbox 471 3912 605 3964; x_wconf 73' lang='lat' dir='ltr'><strong>termnum</strong></span> <span class='ocrx_word' id='word_1_225' title='bbox 623 3913 751 3965; x_wconf 84' lang='lat' dir='ltr'><strong>bifurcum</strong></span> <span class='ocrx_word' id='word_1_226' title='bbox 766 3915 909 3982; x_wconf 55' lang='lat' dir='ltr'><strong>significan</strong></span> <span class='ocrx_word' id='word_1_227' title='bbox 935 3919 1038 3987; x_wconf 85' lang='lat' dir='ltr'><strong>planum</strong></span> <span class='ocrx_word' id='word_1_228' title='bbox 1062 3922 1187 3988; x_wconf 86' lang='lat' dir='ltr'><strong>quendam</strong></span> <span class='ocrx_word' id='word_1_229' title='bbox 1206 3938 1261 3973; x_wconf 90' lang='lat' dir='ltr'><strong>cum</strong></span> <span class='ocrx_word' id='word_1_230' title='bbox 1278 3922 1350 3991; x_wconf 80' lang='lat' dir='ltr'><strong>ligno</strong></span> <span class='ocrx_word' id='word_1_231' title='bbox 1416 3919 1419 3927; x_wconf 86' lang='lat'>&#39;</span> 
     </span>
    </p>
   </div>
   <div class='ocr_carea' id='block_1_5' title="bbox 234 3978 1360 4130">
    <p class='ocr_par' dir='ltr' id='par_1_5' title="bbox 234 3978 1360 4130">
     <span class='ocr_line' id='line_1_33' title="bbox 290 3978 1352 4061; baseline 0.017 -32"><span class='ocrx_word' id='word_1_232' title='bbox 290 3978 391 4030; x_wconf 83' lang='lat' dir='ltr'><strong>bifurco</strong></span> <span class='ocrx_word' id='word_1_233' title='bbox 416 3997 445 4030; x_wconf 83' lang='lat' dir='ltr'><strong>se</strong></span> <span class='ocrx_word' id='word_1_234' title='bbox 466 3988 592 4035; x_wconf 79' lang='lat' dir='ltr'><strong>rotantem</strong></span> <span class='ocrx_word' id='word_1_235' title='bbox 614 3983 712 4035; x_wconf 84' lang='lat' dir='ltr'><strong>inducit</strong></span> <span class='ocrx_word' id='word_1_236' title='bbox 734 3983 932 4039; x_wconf 83' lang='lat' dir='ltr'><strong>Commodianus</strong></span> <span class='ocrx_word' id='word_1_237' title='bbox 954 3989 1010 4041; x_wconf 90' lang='lat' dir='ltr'><strong>loco</strong></span> <span class='ocrx_word' id='word_1_238' title='bbox 1033 3992 1105 4060; x_wconf 89' lang='lat' dir='ltr'><strong>prius</strong></span> <span class='ocrx_word' id='word_1_239' title='bbox 1127 3992 1221 4056; x_wconf 85' lang='lat' dir='ltr'><strong>allato,</strong></span> <span class='ocrx_word' id='word_1_240' title='bbox 1244 4008 1352 4061; x_wconf 79' lang='lat' dir='ltr'><strong>quorum</strong></span> 
     </span>
     <span class='ocr_line' id='line_1_34' title="bbox 234 4050 1360 4130; baseline 0.019 -32"><span class='ocrx_word' id='word_1_241' title='bbox 234 4056 248 4087; x_wconf 63' lang='grc' dir='ltr'><strong>ο·</strong></span> <span class='ocrx_word' id='word_1_242' title='bbox 289 4064 365 4101; x_wconf 86' lang='lat' dir='ltr'><strong>unum</strong></span> <span class='ocrx_word' id='word_1_243' title='bbox 383 4065 439 4101; x_wconf 86' lang='lat' dir='ltr'><strong>curn</strong></span> <span class='ocrx_word' id='word_1_244' title='bbox 457 4050 539 4102; x_wconf 79' lang='lat' dir='ltr'><strong>altero</strong></span> <span class='ocrx_word' id='word_1_245' title='bbox 557 4069 591 4103; x_wconf 89' lang='lat' dir='ltr'><strong>an</strong></span> <span class='ocrx_word' id='word_1_246' title='bbox 607 4054 769 4121; x_wconf 85' lang='lat' dir='ltr'><strong>conjunctura</strong></span> <span class='ocrx_word' id='word_1_247' title='bbox 787 4055 834 4120; x_wconf 89' lang='lat' dir='ltr'><strong>sit,</strong></span> <span class='ocrx_word' id='word_1_248' title='bbox 858 4057 916 4110; x_wconf 89' lang='lat' dir='ltr'><strong>aliis</strong></span> <span class='ocrx_word' id='word_1_249' title='bbox 934 4063 1106 4128; x_wconf 82' lang='lat' dir='ltr'><strong>quaerendum</strong></span> <span class='ocrx_word' id='word_1_250' title='bbox 1122 4062 1247 4130; x_wconf 82' lang='lat' dir='ltr'><strong>relinquo·</strong></span> <span class='ocrx_word' id='word_1_251' title='bbox 1353 4083 1360 4092; x_wconf 92' lang='lat'><strong>·</strong></span> 
     </span>
    </p>
   </div>
   <div class='ocr_carea' id='block_1_6' title="bbox 0 0 1492 4884">
    <p class='ocr_par' dir='ltr' id='par_1_6' title="bbox 0 0 1492 4884">
     <span class='ocr_line' id='line_1_35' title="bbox 0 0 1492 4884; baseline 0 2"><span class='ocrx_word' id='word_1_252' title='bbox 0 0 1492 4884; x_wconf 95' lang='lat' dir='ltr'><strong> </strong></span> 
     </span>
    </p>
   </div>
  </div>
 </body>
</html>
