2975 4884
254 202 397 306 8¹84=
516 196 1008 301 nlullabuourrous.
1124 264 1127 269 Α

254 406 329 495 ille,
355 399 536 500 quidquid
564 399 699 496 ubique
725 398 888 494 aliquam
906 372 1172 473 'occultationis
1190 398 1329 471 autob-
1386 489 1390 497 1

256 523 442 600 scoritatis
457 522 617 617 speeiem
632 517 806 606 ostendit,
821 517 999 593 obstricto
1010 519 1119 607 eollo,
1134 538 1211 593 non
1222 519 1331 592 aliter

257 661 368 743 qoam
393 643 427 714 si
451 640 591 731 fiscalia
615 640 768 713 nomina
793 640 973 733 exigeret,
1007 641 1330 737 trabitrapitque.
1361 684 1363 689 .

256 764 352 840 Nam
372 759 420 835 ad
445 761 543 835 huno
567 760 690 832 lorum
716 757 823 833 etad
840 781 926 835 eam
945 761 1210 856 quaestionem,
1237 781 1332 856 quae

204 960 211 967 ,
258 896 315 958 est
341 882 389 955 de
414 873 655 975 ambiguitate
679 878 893 967 verborum,
919 882 993 955 ista
1017 880 1110 953 nibil
1135 881 1332 978 pertinere,

258 1025 385 1079 omnes
420 999 562 1075 vident
614 999 690 1073 Sed
716 1001 884 1097 suppetit
908 1001 984 1077 alia
1008 998 1148 1075 viaad
1171 1000 1337 1097 proban.

257 1125 365 1214 dum,
391 1122 653 1215 mysteriorum
679 1118 1069 1214 curatores‘singulari
1092 1117 1331 1216 quedamm-

257 1243 365 1341 cendi
389 1264 521 1338 genere
545 1241 694 1336 gavisos
720 1261 813 1328 erse,
838 1240 975 1336 partim
1002 1239 1050 1313 ab
1076 1238 1243 1315 obsoleta
1267 1262 1331 1313 ve·

259 1373 397 1438 tustate
437 1362 616 1458 repetito,
659 1363 795 1458 partim
820 1340 1131 1436 'nanslationibos
1161 1358 1331 1453 imagini·

133 1539 136 1543 >
260 1487 399 1581 busque
430 1481 606 1555 colorato.
663 1480 735 1551 Pro
767 1480 834 1555 illo
866 1479 1017 1563 afferam
1042 1477 1204 1552 Diodori
1229 1479 1332 1551 testi·

258 1605 427 1679 monium
467 1602 532 1698 qui
572 1590 854 1675 vetustissimos
884 1599 1162 1681 Samothraciae
1191 1596 1333 1671 incolas

259 1724 413 1823 propria
444 1719 606 1820 quadam
632 1719 791 1825 dialecto
818 1740 905 1793 usos
930 1719 1118 1816 perhibet,
1143 1715 1186 1815 ἧς
1211 1718 1328 1801 πολλὰ
1357 1757 1362 1765 ·

260 1850 300 1922 ἐν
325 1848 407 1926 ταῖς
431 1839 587 1927 θυσίαις
610 1842 717 1940 μέχρι
741 1849 811 1916 τοῦ
832 1848 909 1919 ,νῦν
933 1847 1117 1940 τηρεῖται,
1149 1860 1226 1911 non
1256 1858 1339 1935 quo‘

259 1961 504 2039 demonstrari
529 1961 666 2057 possit,
692 1960 953 2064 sacntieiorum
979 1957 1130 2035 nomine
1154 1960 1333 2052 mysteria
1426 2000 1429 2005 Δ

141 2148 146 2155 .
258 2082 467 2179 significari,
491 2077 558 2152 sed
584 2081 683 2176 quia,
707 2092 891 2176 uteunque
916 2062 1127 2177 acbipiemr,
1154 2101 1236 2153 oum
1250 2079 1331 2153 uoi-

260 2214 370 2276 versa
409 2221 539 2286 rausa,
581 2220 694 2296 quam
733 2178 955 2289 mactamus,
994 2201 1230 2296 conjunctum
1264 2209 1331 2273 est.

260 2321 384 2416 Hujus
423 2321 534 2411 igitur
573 2318 849 2395 Samothraciae
888 2317 1036 2395 dialecti
1073 2341 1187 2393 unum
1219 2317 1331 2393 bodie

260 2451 429 2537 superest
464 2438 675 2533 exemplum
712 2460 737 2510 a
769 2438 983 2513 Maittaerio
1015 2441 1331 2535 praetermissum,

260 2558 356 2633 illud
400 2555 503 2654 quod
542 2555 764 2651 Hesychius.
794 2560 978 2633 servavit:
1033 2557 1229 2659 Παύρακις
1261 2557 1330 2652 τὴν

260 2681 429 2780 πέμπτην
453 2674 707 2778 Σαμόθρακρς
732 2679 890 2780 λέγουσι,
924 2674 1035 2766 Quod
1054 2685 1088 2752 si
1107 2700 1215 2776 quom
1234 2676 1332 2751 torte

261 2798 402 2897 pudeat
426 2797 566 2909 nescire
592 2795 680 2894 quid
704 2796 880 2881 vocabuli
904 2800 965 2889 sit,
991 2798 1114 2873 licebit
1139 2781 1200 2872 vel
1222 2797 1331 2892 puni·
1412 2881 1417 2889 1

262 2941 346 2992 eum
387 2917 487 3009 dicat
519 2917 582 3001 vel
616 2920 899 3009 samsuritioum3
934 2942 1030 3003 nam.
1056 2917 1331 2993 Samothraciae

261 3020 482 3133 Aborigines
516 3039 650 3134 punice
674 3038 847 3135 loquutps
874 3061 955 3115 esse
980 3035 1141 3115 affirmat
1163 3035 1332 3111 Muente-

262 3179 325 3230 rus
335 3158 393 3255 [⁸],
419 3158 642 3230 samsoritice
658 3151 973 3254 Grotefendus[l],
999 3168 1036 3229 et
1051 3167 1235 3244 neutrum,
1255 3179 1330 3228 ore·

335 3359 381 3427 [⁸]
407 3359 543 3426 antiquar.
557 3358 687 3411 abbandl.
706 3376 733 3428 p.
746 3357 806 3410 224.
824 3357 870 3409 ubi
886 3358 1000 3410 ostendit
1017 3357 1157 3411 Diodorum
1175 3364 1231 3410 toto
1248 3358 1330 3422 caelo,

264 3436 296 3483 ut
316 3431 404 3493 aiunt,
426 3444 542 3493 errasse,
565 3446 643 3498 quum
660 3429 844 3481 Samothraces
862 3428 962 3497 priseos
978 3428 1146 3496 Pelasgorum
1162 3428 1253 3496 lingua
1269 3446 1330 3481 usos

264 3501 414 3553 diceret:
438 3498 482 3550 lm
507 3498 724 3568 Gegentbeil
750 3498 874 3567 glaube
897 3499 967 3564 ich,
992 3499 1071 3550 dass
1095 3498 1148 3551 die
1174 3499 1329 3568 Spracbe
1408 3504 1413 3513 ’
1475 3522 1476 3535 r

264 3571 360 3623 eines
384 3585 419 3620 so
442 3569 549 3621 ruben
580 3568 644 3621 und
672 3568 921 3636 ungebildeten
950 3570 1113 3621 Stammes
1143 3569 1211 3636 (der
1233 3569 1329 3621 Pelas-

265 3641 333 3708 ger)
357 3640 456 3691 lreine
474 3639 678 3692 Ausdrriclre
700 3641 757 3692 lior
779 3638 834 3693 die
858 3639 1038 3711 Begriffe,
1062 3640 1193 3692 welche
1215 3639 1249 3691 iu
1267 3639 1328 3690 den
1365 3662 1367 3669 r

266 3709 462 3777 Mysterien
487 3709 673 3763 euthalten
698 3725 828 3774 waren,
855 3706 989 3777 gebabl
1018 3708 1111 3761 habe.
1155 3709 1252 3763 Nescio
1277 3724 1328 3776 quo

264 3779 406 3900 modothoc
422 3780 455 3832 iis
472 3782 664 3850 opprobaturus
680 3781 724 3846 sil,
740 3781 788 3849 qui
803 3779 932 3848 Pelagos
942 3781 1079 3850 perfectos
1095 3776 1232 3835 ldeuistu
1248 3779 1328 3830 fuisse

261 3865 359 3917 Juran.

334 3949 378 4020 [b]
397 3954 556 4021 Allgerneine
572 3954 714 4023 Encyclop.
736 3972 766 4006 v,
778 3952 864 4007 llrscb
882 3971 907 4006 u.
926 3952 1031 4005 Gruber
1049 3950 1084 4006 Τ.
1098 3951 1144 4004 Vl.
1162 3969 1188 4020 p.
1201 3947 1262 4003 248.
1274 3949 1328 4002 die
1449 3960 1452 3966 “

249 4022 377 4075 -vielen
407 4025 559 4077 fremden
584 4026 738 4088 Wbrter,
770 4024 901 4078 welobe
932 4025 1014 4077 narb
1047 4021 1180 4077 Diodor
1204 4021 1239 4077 iu
1265 4020 1328 4073 den
