2975 4884
213 219 319 292 ‘872
375 238 430 267 -·
563 224 991 286 urnnnsucunuos

213 408 216 415 ‘
244 382 468 465 ferculorum
493 384 702 476 sactorum,
727 387 795 458 illa
819 385 1129 483 pontificalia
1154 384 1319 479 myste-

244 513 337 600 ria,
376 531 512 603 magna
526 508 531 515 ’
545 506 730 582 industris
763 505 909 600 collegit
940 504 1127 603 Amobius
1161 507 1203 580 L.
1239 506 1318 581 vu.

243 652 339 728 quae
373 630 501 705 omnia
534 650 580 702 ea
612 629 817 713 vettmatis
839 626 1007 721 robigine
1038 625 1199 699 obducta
1224 641 1320 716 sunt,

245 761 294 840 ut
317 772 366 821 en
400 750 494 844 ips'n
526 747 769 845 Pompilianis
802 745 1092 841 indigitamentis
1109 745 1320 842 ⁴depromta

155 883 166 890 ·
246 858 453 943 ¹videontnc.
487 867 657 943 ¹(Jirssecis
675 868 844 963 hujusce
873 869 1027 963 genecio¹
1051 871 1160 962 copia
1185 863 1319 956 minor,

246 986 313 1061 sad
338 991 372 1060 si
397 987 446 1059 ad
470 997 707 1061 communem
725 986 907 1084 loquendi
932 984 1233 1071 consuetudinem
1262 1011 1319 1059 re·

247 1108 364 1197 ieras,
391 1104 521 1180 endem
547 1108 747 1183 insolentia
772 1119 811 1180 et
829 1108 1054 1198 enormitas,
1081 1106 1248 1203 pluribus
1274 1130 1321 1180 ex

220 1212 380 1302 'musis
431 1226 611 1325 Namque·
641 1227 845 1301 multorum
885 1225 1170 1315 vocabulorum,
1210 1249 1320 1324 quum

247 1364 346 1425 usust
368 1346 538 1446 publicus
568 1350 802 1425 intermissus
828 1358 943 1435 essct,
970 1347 1234 1419 etiamsorma'
1257 1347 1320 1432 ob·

223 1467 403 1555 solent,
429 1467 543 1556 sicut,
570 1467 661 1563 quid
686 1465 803 1571 πηγός
828 1465 1142 1571 significet‚··quid
1164 1468 1322 1567 μίστυλ-

224 1598 308 1676 4λοι,
334 1584 425 1685 quid
449 1585 660 1683 οὐλοχύται,
687 1585 991 1686 praetendentes
1016 1588 1205 1660 neminem
1226 1590 1321 1661 scire

248 1717 405 1780 testatur
439 1705 589 1780 strattis
621 1706 755 1781 Athen
786 1707 852 1781 IX.
887 1706 973 1780 383.
1007 1704 1052 1781 Α.
1103 1708 1154 1780 Et
1178 1705 1227 1781 ad
1252 1708 1324 1781 hoc

249 1825 442 1900 desuetum
476 1849 590 1921 genus
622 1826 782 1903 fortasse
814 1828 1002 1923 pertinent
1034 1829 1145 1902 otiam
1171 1831 1324 1902 nomina

250 1949 337 2046 ἕρση
364 1958 402 2019 et
428 1946 564 2048 σι’φνις.
601 1946 739 2020 Moeris
765 1970 802 2045 p.
833 1944 917 2019 141.
949 1947 1164 2050 Ἑῤῥηφόροι
1189 1953 1230 2025 αἱ
1253 1949 1323 2044 τὴν

250 2064 391 2166 δρόσον
424 2068 605 2167 φέρουσαι
629 2075 675 2164 τῇ
699 2066 847 2165 lipom,¹
872 2088 945 2162 quo
971 2069 1011 2138 in
1037 2068 1119 2140 loco
1146 2068 1324 2141 accusati·

156 2161 168 2183 ⁸
251 2206 340 2259 vum
382 2184 523 2286 δρόσον
565 2185 758 2261 Sallierius
794 2197 832 2256 et
857 2185 1061 2263 Piersonus
1094 2186 1183 2260 ferri
1214 2182 1325 2284 posse’

250 2316 401 2399 negant3
427 2304 589 2424 quibus
587 2304 798 2377 adsentiens
811 2304 1108 2404 Kulenkampius
1134 2306 1192 2381 ad
1199 2308 1325 2401 Etym

251 2423 302 2496 Μ.
338 2447 375 2522 p
410 2425 497 2498 762
530 2425 599 2521 τὴν
632 2425 784 2524 πομπὴν
815 2435 987 2503 τελοῦσαι
1013 2426 1198 2500 emendat.
1250 2425 1326 2500 Sed

250 2540 391 2644 δρόσου
432 2546 583 2617 nomine
623 2544 687 2616 ille
720 2547 818 2623 sine
834 2543 949 2619 dubio
985 2547 1138 2621 inferias
1171 2548 1327 2643 intelligi
1424 2622 1427 2633 ,

251 2661 414 2753 volebat,
441 2687 543 2761 quas,
569 2676 610 2739 ut
637 2666 766 2738 ceteris
792 2650 966 2740 heroibus
991 2667 1237 2765 heroinisque,
1273 2670 1328 2741 ita
1408 2762 1412 2777 ρ

252 2785 366 2856 ctiam
400 2784 542 2860 Hersae
576 2783 683 2868 datas
717 2807 798 2858 csse
831 2785 937 2860 credi
963 2810 1032 2886 par
1058 2798 1131 2879 est3
1156 2800 1328 2885 recteque
1412 2777 1423 2819 ³

158 2886 167 2897 ⁴
251 2926 341 2976 sane
374 2892 645 2979 Grammaticus
678 2905 867 2980 Roriferas
903 2906 951 2980 ab
985 2931 1030 2980 eo
1064 2907 1164 3008 quod
1189 2909 1328 2980 ferrent

252 3022 370 3097 dictas
397 3026 595 3116 existimat,
621 3049 697 3099 non
723 3028 770 3101 ab
798 3051 843 3101 ea
868 3030 927 3101 eui
952 3028 1107 3131 ferrent3
1133 3050 1251 3125 neque
1271 3029 1326 3099 in-

253 3143 449 3216 commode
472 3146 575 3219 illam
601 3146 871 3251 adsperginem
896 3171 969 3245 qua
993 3161 1224 3222 mortuorum
1246 3166 1327 3219 mo·
1410 3238 1426 3249 „

253 3274 430 3337 numenta
463 3267 663 3340 irrorarent
680 3267 748 3369 [†],
791 3271 940 3366 antiquo
974 3289 1144 3340 sermone
1175 3287 1329 3337 rorem

256 3387 380 3462 vocari
421 3390 565 3461 sumsit.
629 3386 673 3460 ld
713 3390 805 3463 mibi
839 3399 935 3461 certe
968 3387 1088 3459 multo
1122 3386 1328 3489 simplicius

254 3507 408 3603 verique
435 3508 604 3589 similius
644 3492 813 3596 videtur,
852 3528 962 3605 quam
1004 3505 1104 3613 quod
1146 3507 1333 3583 Muellero
1383 3538 1416 3599 j

252 3612 448 3723 placet,“
422 3646 527 3728 spots
561 3640 712 3716 vocatas
738 3649 819 3701 esse
845 3625 996 3701 frondes
1013 3639 1186 3703 recentes
1212 3638 1251 3700 et
1270 3650 1330 3698 ra·

254 3747 460 3836 musculos,
497 3757 534 3821 et
560 3735 635 3880 bec
660 3769 741 3821 esse
765 3749 987 3841 mysterium
1012 3748 1118 3824 illud
1134 3740 1235 3847 quod
1260 3745 1329 3819 Ar·

324 3933 487 4002 [fluam
457 3935 879 4023 uclrferiaaquaquaei
886 3939 1000 3992 nilers
1018 3938 1207 3993 libabatur
1240 3934 1328 3997 Gloss.

5 4020 7 4095 ρ
254 4001 407 4058 Adieriae‘
397 4003 472 4077 ὕδωρ
490 4004 585 4060 odini
603 4010 716 4076 νεκροῖς

5 4106 7 4175 l
