2975 4884
858 95 868 143 l

259 273 368 349 '1272
517 309 520 315 ·
607 287 749 344 uisse
774 285 997 344 rs-nrrus.

261 448 357 544 ignis
390 459 620 546 repertores,
653 446 809 542 Agrium
831 433 955 543 atque
979 418 1156 520 Helicum
1170 439 1343 535 'vesanis

169 636 174 643 .
262 578 375 664 atquo
399 569 583 665 piscatus,
617 568 778 642 alianum
810 587 935 640 rorum
967 566 1083 657 alios;
1115 566 1346 675 bisqueim·

262 688 395 761 mismt
432 686 588 763 deormn
628 687 906 761 barbaricorum
950 698 988 760 et
1025 705 1240 782 graecorum
1275 698 1343 754 no
1469 702 1470 785 ζ

261 807 385 896 mina,
418 807 519 898 Beli,
553 807 741 903 Dagonis,
773 806 958 897 Tannus,
991 803 1108 882 Uruui
1139 818 1177 878 ct
1202 814 1343 878 cetura·

47 1038 52 1047 ἱ
176 992 184 1001 .
260 948 365 1016 rum,
404 950 499 1024 quos
540 950 679 1002 omnes.
704 929 878 1003 homines
911 927 1029 1001 fuisse
1059 927 1245 1025 sapientia
1277 933 1344 996 aut

260 1045 481 1120 fortitudine
497 1054 750 1147 praeemines,
775 1070 977 1145 eorumque
997 1049 1182 1143 conjugia,
1206 1065 1341 1139 cogua-

261 1166 404 1258 tioues,
427 1167 545 1259 bella,
571 1168 744 1259 foedera,
772 1179 895 1257 ortus,
920 1160 1093 1242 interitum
1117 1169 1249 1240 recitat
1273 1163 1341 1237 illo

261 1286 361 1383 milo
399 1288 563 1362 Diodori
602 1289 786 1388 exemplo.
844 1284 999 1362 cneum
1036 1287 1128 1362 dicit
1156 1302 1179 1358 'c
1212 1305 1343 1361 sorore

261 1407 368 1480 Gaea
387 1407 603 1499 Saturnum,
628 1410 823 1505 Dagouem
844 1420 884 1481 et
902 1408 1093 1484 Atlantem
1113 1422 1341 1505 procreasse,

260 1526 387 1624 plures
420 1538 546 1602 autem
580 1552 602 1601 e
634 1529 868 1629 pellicibus,
887 1551 961 1625 qua
993 1553 1036 1601 re
1067 1533 1203 1603 imtam
1234 1525 1341 1631 illam

118 1736 120 1741 ¹
260 1644 463 1721 Saturnum
489 1647 539 1723 ad
564 1647 810 1723 defectionem
845 1649 1048 1746 impulisse.
1100 1649 1246 1722 Dehinc
1268 1666 1342 1718 nos

206 1836 209 1847 ,
244 1766 392 1870 Δθάοοιεῑ
423 1767 612 1867 quomodo
644 1769 707 1843 bic
737 1769 913 1843 Mercurii
951 1769 1115 1844 consiliis
1148 1782 1188 1852 et
1220 1768 1342 1841 socio·

172 1930 176 1937 ·
259 1906 343 1963 rum
375 1889 528 1965 lilobim
558 1891 674 1987 mmls
704 1889 857 1987 adjutus
889 1901 1035 1989 patrem
1067 1912 1181 1986 regno
1215 1887 1337 1961 detru-

260 2009 426 2101 bauerit,
460 2010 653 2085 Atlantem
684 2033 745 2084 res
776 2032 896 2085 novas
928 2011 1145 2085 molientem
1170 2030 1340 2107 compes-

181 2116 187 2139 '
260 2131 378 2205 ouerit
402 2154 425 2203 e
448 2131 572 2221 Rhea,
597 2131 722 2205 Dione
747 2131 906 2229 aliisque
930 2131 1145 2205 concubinis
1169 2129 1340 2204 multitu·

210 2282 218 2305 x
259 2245 388 2322 dinem
416 2247 624 2327 liberorum
658 2254 881 2350 sussceperit,
918 2275 1049 2328 eorum
1074 2253 1201 2352 plures
1225 2251 1340 2323 intor-

258 2367 409 2459 fsuerit,
434 2374 653 2469 superstites
679 2381 806 2445 autem
830 2394 936 2466 reges
962 2373 1212 2460 constituerit,
1238 2369 1338 2468 Nep-

69 2488 78 2503 '
192 2576 196 2582 ¹
261 2498 394 2562 tunum
419 2489 569 2584 Beryti,
596 2491 779 2567 'l'aautcm
804 2492 980 2591 Aegypti,
1004 2492 1116 2588 Bybli
1141 2491 1336 2579 Venerem,

259 2605 408 2708 Attium
441 2610 660 2685 Minervam.
727 2612 922 2685 Postremo
959 2613 1173 2713 pestilentia
1206 2609 1338 2685 oborta

260 2714 391 2825 fllium
404 2731 553 2804 unicum
579 2734 665 2833 (τὸν
689 2733 892 2835 μονογενῆ)
917 2726 1015 2833 patri
1041 2732 1090 2806 ad
1115 2732 1336 2806 immortali-

259 2858 381 2947 tatem
411 2863 623 2935 consecrato
655 2851 870 2929 immolasse
903 2867 940 2927 et
973 2876 1057 2927 cum
1089 2852 1237 2927 lamriia
1268 2872 1338 2925 sua
1393 2850 1397 2857 ’

261 2970 577 3045 circumcisionem
589 2963 769 3047 'subiisse
801 2971 945 3051 dicitur.
1004 2972 1110 3053 Haec
1135 2973 1200 3045 ille
1225 2971 1336 3065 uobis

110 3076 121 3101 ⁰
160 3122 170 3153 s
218 3181 221 3187 .
259 3101 389 3165 narrat
427 3135 481 3148 -
513 3094 662 3167 tricas
695 3107 839 3191 atquc
872 3096 1039 3192 apinae
1071 3105 1116 3166 et
1147 3095 1188 3166 si
1222 3091 1356 3189 quid*

175 3245 176 3248 ¹
214 3196 217 3202 ’
261 3209 412 3283 villus
452 3214 576 3286 istis.
643 3212 784 3288 Verum
826 3226 949 3286 tamen
989 3215 1024 3286 si
1064 3214 1147 3312 quis
1187 3210 1336 3286 credere

260 3333 390 3425 potest
418 3331 695 3428 antiquissimos
727 3334 952 3407 Phoenicum
992 3334 1185 3430 theologos
1218 3330 1338 3441 Coeli,-

262 3447 426 3538 Suturui,
451 3447 559 3526 Jovis
584 3463 622 3524 ct
648 3465 854 3528 ceterorum
879 3450 939 3529 res
964 3464 1098 3550 gestas,
1124 3457 1178 3528 sic
1202 3453 1335 3528 utHe-

263 3652 328 3722 quid
344 3652 459 3720 moeret,
484 3654 601 3710 Lexicou
618 3659 821 3745 geographicum
838 3659 952 3725 evolvit,
979 3662 1025 3714 sed
1041 3660 1106 3714 nihil
1122 3659 1222 3730 reperit
1243 3677 1270 3729 p.
1290 3657 1332 3711 16.

261 3722 444 3779 Hamackerus
460 3727 487 3780 in
506 3727 618 3781 Miscell.
636 3730 774 3783 Pboemee.
791 3747 819 3800 p.
839 3727 900 3784 165.
923 3747 1015 3784 nomen
1031 3731 1180 3784 mendosum
1202 3746 1260 3781 esse
1283 3746 1333 3798 pu-

138 3799 141 3803 ’
264 3799 306 3846 tet
322 3795 369 3849 red
388 3798 501 3851 fortusse
524 3804 635 3853 montom
658 3800 752 3854 'fabor
774 3800 926 3869 significari.
967 3802 1067 3855 Vereor
1093 3819 1127 3857 ue
1143 3801 1190 3854 illa
1209 3799 1335 3869 jocularis

264 3864 432 3934 Cotrudogus
449 3885 504 3921 reru
521 3875 602 3923 totam
618 3869 732 3924 florent
767 3867 896 3924 Nimirum
913 3873 975 3940 quia
992 3873 1094 3927 libanus
1111 3877 1139 3924 ct
1158 3870 1231 3923 cama
1254 3868 1332 3923 fruti-

265 3951 309 3989 ces
332 3933 447 3992 odorarii
468 3946 543 4005 suut,
567 3940 664 3994 barbae
686 3941 818 4006 Sabinae,
851 3958 918 4010 quse
941 3944 1043 4012 Bratby
1066 3942 1178 4005 (licitur,
1202 3939 1333 4005 simillimi,

263 4008 377 4135 mum
393 4009 451 4062 lore
467 4012 571 4079 putarit
587 4013 610 4066 si
626 4012 743 4077 libano,
772 4012 922 4067 Antilibano
939 4024 967 4067 ct
984 4012 1064 4067 Casio
1087 4014 1170 4067 buter
1194 4010 1333 4065 adimetur
