2975 4884
252 265 353 347 lost
570 285 715 340 treus
739 283 1001 339 secuntus.

6 497 8 546 ÷
131 523 134 530 s
245 383 309 519 il).
333 442 435 541 quod
461 466 594 519 vereor
618 464 667 514 ne
690 405 829 516 falsum
856 440 923 531 sit;
959 461 1048 513 narn
1071 442 1106 514 ie
1132 459 1216 514 mos
1241 463 1326 538 per-

244 577 404 661 vagatus
417 563 421 568 ’
436 563 510 637 fuit
540 585 610 636 nee
643 584 727 635 cum
760 559 939 637 Amaside
972 561 1107 659 eoepit
1171 560 1329 636 Servius

245 686 291 760 Π.
319 685 403 758 llll.
438 705 576 780 quum
608 681 665 755 de
697 682 1013 772 animalibus,
1048 702 1168 778 quae
1192 679 1326 755 diiii

246 807 339 881 oile
363 806 700 892 inveniuntur,
734 814 809 876 est
833 798 1233 891 sacrificandum,
1270 801 1326 882 do

215 928 366 1026 'pene
397 926 476 999 vel
509 946 619 998 earn
651 924 782 997 fiunt
814 922 859 997 ef.
892 922 1044 1015 Antlol.
1077 922 1159 995 Lat
1192 921 1236 994 L.
1261 919 1325 995 Vl.

197 1115 199 1119 ,
244 1048 316 1144 Ep.
350 1045 412 1119 43.
444 1045 658 1136 Postremo,
696 1066 812 1142 quum
846 1040 919 1116 deo
957 1041 1106 1116 cuidem
1130 1043 1325 1141 placentae

244 1167 480 1255 efferrentur,
514 1166 732 1240 animalium
764 1187 859 1263 quae
885 1165 922 1236 ei
946 1174 1012 1237 eut
1036 1172 1140 1259 grate
1165 1176 1231 1236 aut
1254 1164 1325 1235 ini·

243 1289 341 1361 uiioa
374 1286 614 1375 eumenen,
647 1288 753 1381 signa
785 1286 969 1384 inpressa
999 1303 1084 1358 ‘esee
1118 1294 1324 1382 apparete

206 1475 210 1486 ,
244 1379 428 1481 uuta‘mh.
454 1406 502 1480 ue
526 1408 574 1481 n
594 1405 656 1480 eo
680 1407 765 1480 rte
789 1406 952 1493 emme
977 1403 1123 1506 οβοόμῃ
1147 1414 1217 1482 τοο
1247 1412 1324 1481 m-

243 1529 288 1629 βὶ
328 1527 448 1626 μηνὸς
478 1572 531 1583 -
564 1522 828 1603 ἐπιπλάττουσι
866 1525 946 1614 τοῖς
987 1525 1170 1611 ποπάνοις
1204 1529 1322 1603 ἵππον

131 1650 148 1682 ”
242 1645 441 1746 ποτάμιον.

344 1767 529 1865 Exposita
553 1765 808 1861 placentarum
834 1768 1070 1861 figuratarum
1091 1774 1130 1836 et
1143 1786 1220 1836 uon
1233 1765 1324 1858 ligu-

53 1870 55 1876 ’
161 1873 164 1878 ’
242 1898 408 1959 ratarum
433 1886 616 1960 varietate
643 1897 681 1966 et
699 1881 987 1983 multitudiueff]
1013 1882 1243 1979 redditisque
1262 1905 1324 1955 ea·
1399 1891 1402 1897 '

241 2027 326 2080 nun
361 2008 481 2080 causis
514 2004 650 2081 brevisx
674 2004 880 2103 disputatio
907 2016 1096 2104 superest,
1123 2021 1213 2076 tuoe
1238 2006 1322 2099 ipae

242 2125 392 2224 quando
433 2125 667 2199 increbuerit
734 2125 888 2200 Veteres
921 2119 1072 2223 quidem
1105 2126 1224 2198 nostri
1255 2126 1322 2221 qui

242 2246 370 2326 πάντα
402 2254 528 2324 ἴσαντι
560 2247 626 2323 καὶ
651 2247 703 2332 ὥς
728 2248 824 2332 Ζεὺς
850 2244 1009 2351 elyeiyrd'
1026 2247 1170 2346 Ἥραν,
1195 2265 1322 2343 prom·

102 2409 104 2414 ·
241 2369 386 2442 tissime
415 2366 663 2464 respondent,
690 2368 959 2464 antiquissimis
983 2365 1215 2463 temporibus
1240 2363 1322 2436 nul-

104 2545 111 2553 .
240 2487 280 2558 ln
314 2488 431 2559 fuisse
465 2488 538 2557 nisi
572 2489 672 2590 tyre
714 2485 893 2587 θύματα,
935 2488 1121 2584 primitias
1161 2486 1320 2580 frugum,

238 2606 365 2696 mella,
391 2606 571 2703 lectisque
595 2608 759 2705 liquores
785 2620 824 2680 et
848 2630 895 2680 ex
916 2607 978 2679 lris
1002 2607 1210 2704 composite
1228 2630 1319 2707 ψαι-

241 2725 313 2804 στά
339 2737 378 2799 et
393 2726 563 2806 πόπανα.
592 2724 710 2824 Cujus
734 2730 923 2826 opinionis
948 2728 1053 2802 luere
1076 2728 1183 2800 Plato
1200 2727 1338 2802 Theo·-

240 2848 416 2947 phrastue
441 2869 643 2946 omnesque
677 2850 728 2940 ii,
759 2838 830 2948 'qui
855 2851 1001 2948 primos
1024 2849 1238 2923 mortalium
1259 2845 1338 2942 ju?

240 2971 428 3046 stiseimos
453 2980 491 3043 et
516 2971 841 3043 innocentissimos
864 2971 1007 3047 uixisse
1030 2968 1201 3043 arbitrati
1216 2982 1321 3059 sunt;

238 3089 343 3184 quod
382 3091 447 3163 alii
488 3103 616 3166 eontra
648 3102 801 3189 putant,
834 3111 948 3185 genus
962 3106 966 3111 ’
981 3095 1170 3179 nostrum,'
1202 3109 1318 3186 quum

239 3209 356 3298 modo
389 3223 490 3284 terra
522 3209 665 3285 editum
691 3225 809 3302 esset,
835 3211 938 3286 victu
966 3222 1005 3284 et
1028 3210 1197 3286 moribus
1221 3210 1318 3284 fera-

237 3352 323 3404 rum
359 3331 592 3405 simillimum
624 3333 759 3424 fuisse3
792 3334 896 3431 pari,
930 3343 974 3405 ut
1006 3344 1130 3431 patet,
1171 3334 1320 3428 utrique

233 3453 336 3547 jure3
369 3473 457 3524 nam
491 3450 674 3526 derebus
701 3473 797 3548 quae
822 3455 908 3526 seiri
932 3475 1010 3526 nou
1034 3466 1213 3550 possunt,
1239 3474 1319 3525 om·

237 3595 304 3647 nes
338 3571 572 3647 tantumdem
605 3574 735 3647 sciunt
787 3572 902 3672 Apud
934 3574 1143 3652 Homerum
1167 3573 1319 3672 quidem

308 3793 359 3878 [i]
387 3795 529 3850 Muellerus
553 3796 595 3850 De
618 3795 711 3850 Dorib.
735 3795 772 3848 Τ.
796 3796 820 3849 Ι.
845 3795 906 3848 217.
953 3797 1017 3850 Die
1046 3788 1317 3867 pataraeisolreu
1355 3855 1361 3872 x

237 3864 451 3919 Oblatrouen
474 3885 537 3920 von
560 3865 703 3920 Kucheu
721 3866 881 3920 erinnem
902 3866 1014 3921 audie
1032 3868 1234 3921 aelruliehen
1252 3866 1317 3920 Ge-

237 3936 391 3991 briuehe
416 3954 482 3991 von
507 3937 609 3992 Deles
631 3938 700 3992 und
725 3938 925 4007 bestitigeu
951 3939 1012 3992 dne
1029 3938 1317 3993 verechwisterte

238 4006 463 4062 Verlriltnies
493 4009 610 4061 dieser
641 4009 875 4061 Cultuedrter.
920 4009 980 4063 Hoc
1007 4009 1110 4080 quidem
1139 4014 1316 4079 argumentum

238 4078 323 4131 levius
340 4085 396 4141 est,
420 4094 497 4147 quum
516 4080 633 4132 erunibus
651 4078 749 4150 ubique
766 4078 819 4133 diie
836 4078 892 4133 liba'
908 4080 998 4134 oblate
1013 4098 1072 4134 esee
1089 4085 1198 4134 constet
