2975 4884
368 342 373 347 ,
495 240 839 365 aruornnrcrt·
964 347 969 351 ,
1098 270 1196 348 1327

70 516 73 517 ⁷
129 453 204 531 ret,
230 438 330 539 quod
354 441 476 512 firmat
499 413 683 513 Herodoti
708 437 833 512 verbis
863 436 925 511 ΙΙΙ.
951 439 1012 514 37.
1039 438 1197 538 Camby-
1258 499 1259 502 ,

93 550 97 559 ¹
130 585 210 636 sem
244 557 463 633 cabirorum
504 559 699 631 simulacra
740 557 919 631 cubitalia·
955 561 1197 639 oombuss'isse
1297 626 1309 637 ,,

128 681 247 759 πολλὰ
277 676 589 780 κατασκώψαντα.
650 677 724 750 Sed
757 699 803 751 ex
835 679 905 752 hoo
935 680 1016 754 loco
1042 684 1197 757 minime

129 799 287 901 apparet
323 813 446 873 utrum
487 799 599 870 homo
638 798 769 886 Persa,
810 800 872 894 qui
904 800 1085 877 humanas
1118 827 1198 878 esse

128 923 274 996 formas
296 919 450 992 deorum
476 918 1054 1013 negaret‚1iiguraebrevita‘tem
1082 937 1120 997 et
1138 948 1198 998 ru·
1229 926 1236 941 '
1327 966 1334 971 -

130 1042 181 1115 de
213 1041 406 1114 artificium
441 1062 489 1111 an
522 1038 723 1135 dedmrern
757 1040 921 1135 eorporis
951 1044 1113 1139 spetiem
1140 1068 1197 1118 oa-

128 1161 283 1237 villatas
315 1161 373 1232 sit
434 1159 485 1231 Et
514 1169 557 1230 ut
588 1158 659 1229 hoo
689 1150 834 1254 quoque
859 1161 894 1230 ei
920 1158 1070 1259 demus,
1095 1186 1216 1254 num,=

130 1282 239 1376 eujus
270 1280 507 1353 simulacrum
540 1276 675 1350 alieubi
710 1288 812 1350 extat
836 1262 989 1354 ridicule
1015 1266 1198 1357 deforma·
1306 1332 1309 1341 J

130 1412 232 1489 tum,
269 1402 393 1498 ipsum
416 1397 617 1471 ridiculum
641 1409 678 1469 et
702 1397 919 1501 γελοιαστήν
942 1423 1022 1474 esse
1051 1425 1199 1478 necesse

130 1520 215 1595 estt
239 1519 322 1594 Hae
344 1521 488 1592 ratione
512 1515 687 1627 Indorum
712 1530 750 1590 et
766 1512 1043 1594 Meritanorum
1071 1523 1125 1598 dii
1150 1524 1197 1598 ad

129 1663 251 1715 unum
280 1661 407 1713 ornnes
438 1640 523 1737 puri
554 1638 639 1734 puti
664 1633 794 1719 Cobali
819 1653 936 1713 erunt.
988 1641 1064 1715 Sed
1087 1644 1201 1718 infert

114 1763 248 1835 ..aliam
281 1761 437 1856 plagam.
498 1753 802 1850 chrysostomus,
841 1761 976 1856 inquit,
1012 1764 1053 1834 in
1086 1763 1199 1839 Hom.
1261 1808 1265 1811 ¹

132 1880 251 1956 XVII.
284 1880 323 1952 in
356 1880 476 1976 Epist
507 1876 556 1949 ad
590 1875 725 1974 Ephes.
761 1900 921 1969 scurras,
956 1880 1198 1958 Samardacos

12 2036 13 2041 ¹
133 1992 263 2077 uocat:
289 2001 358 2098 οὐχ
383 2000 474 2099 ὁρᾷς
493 1978 581 2083 rode
601 1999 820 2101 λεγομένους
835 2002 1100 2102 γελαὰτοποιοῦς
1115 2013 1199 2080 Σα-

133 2119 372 2222 μαρδάκους,·
404 2110 506 2195 edroi
530 2117 624 2194 εἰσὶν
649 2121 685 2194 οἱ
709 2115 922 2221 εὐτράπελοι
934 2116 989 2216 [⁸]
1025 2120 1200 2217 Augusti-¹

12 2268 13 2277 ¹
133 2261 206 2314 nus
232 2239 278 2312 de
303 2226 484 2314 divinet
511 2236 730 2330 (imo-inlr.
757 2235 1033 2338 contraAead.)
1057 2242 1200 2316 11115.
1245 2274 1250 2282 ·
1326 2314 1329 2319 ,

134 2360 301 2458 planus
334 2370 449 2446 erat
468 2356 523 2430 de
554 2357 614 2429 iis
641 2377 755 2454 quos
781 2345 1085 2433 Sarmadocos
1105 2364 1201 2458 jam

134 2480 319 2579 vulgus·
340 2472 617 2576 appellatP’}
677 2475 799 2549 Sohol.
833 2473 941 2573 Cruq.
974 2477 1024 2551 ad
1055 2480 1148 2555 Hor.
1173 2485 1201 2556 Ι.

135 2601 214 2675 Sat.
240 2599 275 2673 6.
304 2596 387 2671 115.
412 2596 629 2670 fallacem
655 2594 777 2668 dixit
803 2592 986 2670 Circum
1011 2615 1203 2700 propter

136 2717 438 2795 samardacos
471 2729 516 2790 et
548 2716 807 2811 sortilegos
842 2729 887 2789 et
910 2720 1202 2795 mathemati-

12 2836 13 2895 ἶ
137 2861 235 2928 eos3
268 2837 400 2935 qtdbus
431 2838 495 2910 Du
528 2833 689 2930 Gurgitis
715 2838 760 2908 in
794 2835 913 2909 Gloss.
946 2837 1027 2910 Lat.
1053 2863 1090 2936 p.
1116 2839 1202 2914 692.

139 2957 247 3033 addit
281 2980 327 3028 ex
351 2957 453 3030 Actis
480 2953 679 3045 Quirinio.
706 2953 741 3026 5.
774 2952 914 3028 video
939 2965 984 3029 te
1009 2961 1204 3052 rus-tica·

138 3100 245 3155 uurn
278 3078 411 3172 quasi
444 3099 468 3147 a
499 3073 774 3148 samardaoo
796 3073 1034 3148 inductum
1059 3083 1136 3174 qui
1162 3092 1206 3153 et

12 3202 13 3225 ¹
139 3212 187 3272 te
221 3207 266 3269 et
298 3217 345 3268 se
378 3194 564 3291 deripit.
613 3192 695 3266 Hos
719 3193 833 3287 igitur
856 3194 937 3268 sive
963 3193 1205 3273 Samardaeos

54 3344 58 3353 ·
139 3321 223 3393 sive
243 3314 486 3390 Sarmadooos
504 3313 765 3387 Gutberletltus
783 3334 977 3407 germanos
994 3315 1205 3393 Samothra-

12 3454 13 3483 *
141 3460 203 3512 ees
229 3458 309 3510 esse
333 3437 481 3526 statuit,
529 3436 666 3532 etjam
690 3435 794 3532 prius
819 3434 1009 3508 Reinesius
1034 3438 1075 3509 in
1101 3436 1206 3531 Synt.

141 3560 253 3631 Insor.
286 3557 435 3655 nato.
467 3554 567 3627 idem
600 3553 812 3630 decreverat
845 3577 889 3626 ao
920 3578 1047 3628 rursus
1071 3557 1112 3628 iu
1136 3556 1206 3653 Ep.

214 3777 263 3846 [⁸]
295 3777 341 3829 Sic
356 3774 454 3844 legitur
468 3776 496 3827 in
512 3775 564 3826 Ed.
581 3774 723 3827 Veronensi
740 3791 763 3826 e.
781 3773 866 3827 XVII.
882 3789 909 3844 p.
930 3773 988 3827 179.
1014 3790 1038 3827 a.
1063 3774 1204 3832 Montefal·

12 3860 13 3869 ¹
146 3848 236 3903 etnim
254 3848 288 3899 T.
306 3847 353 3899 XI.
371 3864 397 3915 p.
416 3845 474 3897 126.
491 3847 571 3898 tacite
593 3844 675 3898 edidit
697 3843 759 3907 τοὺς
775 3841 918 3917 ortodoxae.

215 3917 262 3987 [¹¹]
293 3935 316 3971 c.
335 3916 456 3970 XXXIV.
473 3916 534 3968 217.
558 3916 593 3969 T.
609 3915 632 3968 Ι.
655 3912 787 3968 Benedict.
811 3915 856 3967 ubi
881 3913 955 3968 codd.
977 3913 1046 3967 inter
1069 3906 1209 3969 Samardass

147 4006 204 4053 eos,
229 3988 400 4042 samardacos
417 3990 445 4040 et
460 3986 632 4041 Sarmadaeor
654 3986 787 4043 fluctuant.
823 3985 881 4038 Hor
903 3984 1018 4040 nonnulli
1040 3985 1209 4040 Sarmatoda·

147 4076 191 4110 cos
206 4059 415 4130 interpretantur.
779 4154 783 4169 x
909 4140 958 4215 35
973 4145 995 4199 *
