2975 4884
521 252 853 313 οιιιιουιιιιιοιι.
916 298 920 303 ,
1031 222 1034 225 ’
1120 229 1256 322 1331κ

158 423 318 499 beuduuu
351 418 509 495 videtur.
567 414 626 485 Ex
651 406 838 504 Aristoph.
866 403 975 500 Veap.
996 403 1081 479 803.
1114 406 1217 481 οἶνοι-

158 542 354 645 κοδομήσει
393 548 484 623 πᾶς’
506 534 601 633 ἀνὴρ
638 530 751 627 αὐτῷ
772 524 1051 623 δικαστηρίδιον
1084 525 1218 623 μικρὸν

158 664 259 743 ποίνυ
294 664 409 760 ὥςπερ
440 653 641 732 Ἑκαταῖον
671 649 743 746 πρὸ
770 656 848 724 τῶν
873 650 1027 743 θυρῶν,
1065 654 1220 743 apparet

160 784 296 860 sacella
310 780 473 857 Hecatae
498 773 639 847 foribus
664 768 838 866 proxima
863 776 900 836 et
924 763 1221 859 frequentissima

160 906 275 978 fuisse
309 904 348 973 in
374 897 478 972 urbe.
500 919 536 969 v.
563 890 682 965 Schol.
708 883 948 963 Γαλινθιιίδα
969 881 1107 978 Ἕκιίτη
1133 882 1221 958 ἇπί-
1308 894 1324 957 f
1388 925 1392 939 ι

162 1027 279 1110 δειξεν
306 1022 408 1121 ἱερὰν
434 1019 547 1111 αὐτῆς
568 1008 762 1087 διοίκονον·
793 1007 972 1102 Ἡρακλῆς
997 1003 1039 1078 δὲ
1064 1003 1127 1078 καί
1153 1003 1223 1078 αὗ-

162 1154 226 1240 τῆς
266 1141 433 1236 ἐποίησεν
474 1135 675 1236 ἀφίδρυμα
711 1127 812 1227 παρὰ
852 1127 921 1202 τὸν
952 1125 1054 1200 οἶκον
1087 1123 1223 1197 Antan.

80 1281 85 1293 “
162 1263 242 1336 Lib.
276 1287 304 1334 ο.
332 1261 392 1334 29.
424 1258 528 1351 eujus
561 1250 740 1324 solemnia
766 1247 812 1319 ab
837 1244 1000 1318 Hecatae
1026 1242 1224 1323 cultuubn

164 1385 327 1478 sejuncta
351 1380 465 1457 fuisse
489 1372 673 1448 videntur.
713 1369 772 1440 Ex
796 1367 854 1438 his
881 1375 1003 1437 autem
1019 1362 1224 1437 ΓΗοοοῑοοίο

133 1505 340 1601 ‚privatim
374 1496 523 1571 oracula
554 1492 674 1591 petita
707 1510 786 1560 esse
820 1485 929 1558 docet
960 1484 1225 1581 Aristophanes

165 1624 252 1716 Lys.
278 1621 339 1694 64.
371 1620 394 1714 ἡ
424 1627 519 1720 γοῦν
557 1611 758 1712 Θεαγένους
792 1607 841 1691 ὥς
867 1608 966 1704 δεῦρ’
994 1612 1103 1681 ἰοῦσα
1133 1604 1227 1680 Θου-

165 1745 314 1820 κατεῖον
337 1743 464 1838 ἤρετο,
504 1744 541 1805 et
567 1730 686 1803 schol.
714 1749 773 1823 ap.
800 1724 903 1798 Suid.
930 1747 958 1796 s·
989 1732 1093 1828 Θοαν.
1121 1719 1228 1808 οὗτος
1295 1758 1300 1766 ·

169 1865 263 1960 εἶχεν
299 1855 457 1952 Ἒκοίτης
498 1855 648 1953 ἄγαλμα
684 1843 729 1925 οὗ
770 1843 1002 1922 ἐπυνθάνετο
1035 1834 1227 1937 πανταχοῦ

170 1979 302 2060 ἀπιών.
343 1980 437 2051 sieut
475 1973 627 2046 Servius
659 1968 721 2041 IV.
752 1962 839 2039 475.
873 1963 919 2036 de
955 1963 1045 2035 urbe
1078 1954 1256 2034 Cerithe
1370 1960 1380 1967 “

170 2110 295 2175 narrat
325 2098 380 2170 ibi
413 2098 644 2194 primores
675 2091 723 2160 in
749 2087 848 2158 suis
875 2082 1072 2156 aedibus
1096 2082 1229 2203 habe-

170 2245 218 2293 re
251 2221 440 2317 privata
472 2211 688 2296 Lararia,
720 2210 769 2279 in
802 2204 969 2302 quibus
995 2203 1230 2298 singulari

172 2341 267 2412 ritu
294 2338 456 2413 colunt
479 2333 681 2405 Penates
707 2327 762 2400 ob
788 2346 1015 2423 respousa
1046 2324 1100 2397 ab
1127 2322 1229 2394 illis

130 2532 135 2540 ,
172 2454 478 2556 impetranda.
529 2451 663 2524 Medea
694 2447 782 2521 Eur.
808 2469 845 2520 v.
878 2428 964 2517 401.
997 2445 1052 2544 μὰ
1077 2444 1146 2542 τὴν
1171 2446 1232 2521 δέ-

174 2606 332 2685 σποιναν
369 2578 417 2673 ἣν
457 2573 529 2678 ἐγὼ
569 2572 667 2671 σέβω
704 2558 886 2669 μαλιστα,
916 2562 1070 2660 Ἑκιίτην
1099 2551 1235 2665 μυχοῗκ

58 2782 60 2785 ,
172 2699 355 2777 ναίουσαν
387 2695 508 2779 ἑστίας
541 2697 637 2792 ἐμῆς.
694 2686 893 2777 Graculum
919 2684 1161 2771 domesticum
1185 2687 1234 2757 si-

130 2910 132 2913 Υ
175 2819 321 2912 gnificat
352 2814 452 2887 idem
484 2815 524 2884 iu
556 2810 640 2905 Hel.
674 2831 709 2881 v.
734 2807 821 2879 826.
846 2803 949 2905 φήμη
973 2833 1029 2889 τις
1054 2808 1167 2880 οἴκων
1192 2808 1232 2879 ἐν

175 2942 306 3035 μυχοῖς
330 2934 519 3039 ἱδρυμένη.
559 2927 634 3001 Sed
659 2926 750 2998 haec
769 2927 850 3019 jam
877 2923 938 2996 ἃᾶ
953 2922 1042 2994 deos
1067 2934 1241 3020 penetra-'

176 3057 230 3128 les
254 3055 449 3152 pertinent,
474 3071 566 3146 quos
590 3050 739 3119 invocat
765 3044 895 3116 chorus
921 3042 1051 3115 Aesoh.
1073 3039 1234 3139 Choeph.

177 3175 263 3249 796.
289 3177 327 3250 οῗ
347 3174 377 3248 τ’
405 3175 525 3246 ἔσωθε
549 3162 737 3266 δωμιίτων
761 3168 999 3267 πλουτογηθῆ
1024 3162 1148 3262 μυχὸν
1169 3189 1234 3240 νο-

177 3296 308 3395 μίζετε.
359 3289 504 3371 Horum
543 3290 583 3360 in
622 3306 774 3357 numero
807 3285 1021 3356 notissimus
1053 3294 1110 3356 est
1141 3284 1236 3367 Ζεὺς

178 3413 322 3512 κτήσιος
345 3415 386 3484 iu
409 3401 548 3509 ταμὲίῳ
574 3415 819 3490 consecratus,
845 3426 953 3500 quem
977 3405 1099 3476 locum
1126 3405 1237 3473 etiam

180 3535 280 3633 apud
313 3543 456 3604 exteros
488 3529 544 3600 rei
569 3525 717 3601 divinae
743 3523 966 3598 destinatum
993 3525 1107 3597 fuisse
1131 3522 1237 3593 iutel-

181 3753 214 3808 τὰ
231 3752 313 3808 λοιπὰ
329 3755 384 3807 τῶν
404 3753 499 3824 ἱερῶν,
524 3745 542 3802 ἃ
566 3747 600 3816 δὴ
622 3747 683 3808 τοὺς
706 3742 860 3820 προγόνους
883 3748 1049 3800 καταλιπεῖν.
1072 3743 1178 3797 Servius
1202 3742 1236 3795 ad

182 3826 245 3877 Aen.
262 3825 296 3876 V.
314 3821 357 3875 64.
379 3822 468 3875 domi
491 3837 568 3872 suae
586 3819 860 3888 sepeliebantur,
884 3816 971 3869 uude
996 3818 1072 3867 orta
1094 3820 1145 3867 est
1163 3830 1236 3867 cou-

183 3894 326 3948 suetudo
352 3900 388 3945 ut
412 3892 461 3945 dii
486 3888 848 3962 penateseolereutur
871 3887 904 3939 iu
932 3887 1090 3939 domibus.
1116 3885 1236 3952 idemque
1326 3924 1330 3935 .

183 3966 216 4018 de
232 3964 285 4017 auin
302 3963 401 4016 civibus
416 3964 529 4015 testetur
545 3960 630 4023 Plato,
647 3976 692 4011 eoa
709 3959 828 4028 sepulcra
844 3958 964 4015 habuisse
981 3957 1008 4008 iu
1025 3955 1150 4019 domibus,
1168 3953 1235 4007 unde

184 4040 240 4088 orta
257 4035 360 4088 videtur
376 4033 502 4087 Mercurii
519 4030 638 4100 (inserui)
654 4035 682 4082 et
695 4030 812 4108 Hecatae
828 4028 921 4098 religio
936 4027 1085 4082 domestica.
