2975 4884
545 279 889 355 snuounnucln.
1105 273 1237 348 *1283

162 445 475 546 Axioocrsus,
500 466 659 543 qnorum
686 443 825 519 similia
850 454 981 519 extant
1001 446 1042 518 in
1067 443 1240 545 omnibus

80 602 86 623 ι
161 567 316 661 tingnis,
349 561 554 655 Cimbrica,
579 565 807 655 Hibernica,
824 564 988 655 Persica,
1015 564 1175 657 Graeca,
1200 578 1240 639 ct

161 686 429 786 qualiacunque
449 684 731 761 desideraveris.
757 683 841 759 Jam
861 689 907 777 si,
933 699 976 761 ut
993 680 1163 760 hominos
1182 687 1238 759 in·

162 809 303 903 ganimi
328 807 450 882 faocra
476 807 609 897 solent,
633 809 805 881 notiones
831 808 983 903 singulis
1008 807 1144 901 borum
1169 828 1237 880 vo-

162 929 377 1003 cabulorum
402 914 587 1022 subjectas
612 930 652 1001 in
677 928 858 1022 mysteria
874 927 1131 1002 Samothracia
1155 937 1238 999 tan*
1300 913 1312 988 s

162 1070 274 1147 quam
307 1050 348 1120 in
380 1030 504 1122 arcam
539 1049 752 1143 irrigemus,
776 1049 996 1122 inexhausta
1020 1046 1128 1120 nobis
1153 1047 1236 1144 pul-

114 1156 119 1168 *
161 1167 295 1242 lulabit
327 1168 516 1241 doctrinas
547 1169 727 1263 mysticae
753 1170 872 1265 copia
912 1166 1024 1258 ⁸Quid
1048 1170 1168 1256 cmm,
1192 1179 1241 1240 nt

120 1348 129 1364 ,
160 1292 214 1363 in.
234 1289 304 1363 boc
338 1311 411 1363 uno
452 1290 672 1379 consistam,
717 1285 851 1362 Cadmi
891 1290 1035 1363 nomini
1076 1288 1235 1363 similius

161 1432 271 1507 quam
305 1408 465 1511 nonnosi
481 1406 559 1508 [⁸²]
576 1408 693 1508 Atqui
726 1407 827 1507 quod
865 1409 988 1483 similo
1021 1418 1097 1499 cst,
1133 1406 1235 1483 idem

161 1541 229 1603 cst
277 1530 376 1624 Ergo
399 1527 508 1603 credi
542 1542 692 1629 opostct
715 1528 996 1625 Hierophantas
1021 1528 1235 1603 Samothra-

161 1652 237 1724 cios
257 1652 297 1723 in
317 1651 495 1725 concione
511 1671 618 1723 sacra
637 1648 685 1722 dc
704 1648 838 1723 mundi
857 1651 1100 1724 universitate
1119 1647 1236 1745 verba
1287 1670 1294 1690 ³

158 1763 289 1843 facisse
322 1779 360 1840 at
394 1768 442 1843 do
472 1769 584 1863 hujus
615 1771 783 1846 universi
815 1780 957 1842 rectore
990 1780 1029 1841 et
1061 1767 1236 1842 modera-

160 1902 241 1965 toro
274 1889 364 1976 deo,
399 1898 444 1960 et,
470 1886 652 1985 quidquid
686 1888 806 1960 sancti
837 1886 975 1983 altique
1002 1899 1077 1975 cst',
1104 1909 1234 1959 eorum

160 2009 414 2106 disputatione
446 2008 564 2081 fuisso
596 2008 913 2105 comprehensum.
981 2003 1089 2078 Hanc
1119 2026 1234 2087 unam

158 2131 273 2225 viam⁸
301 2126 605 2224 persequentibus
639 2125 746 2201 brevi
779 2138 948 2223 temporo
979 2122 1235 2198 millesima

158 2249 331 2345 pagina
364 2258 557 2320 crescet.
609 2245 684 2320 sed
710 2257 841 2344 patent
865 2246 969 2320 millo
994 2246 1101 2318 alian
1134 2244 1235 2320 Nam

63 2368 65 2371 ’
157 2386 252 2464 quae
282 2378 428 2442 vatcras
460 2365 508 2440 dc
533 2365 607 2440 diis
631 2366 897 2442 Samothraciis
929 2389 1133 2466 eorumque
1157 2365 1234 2440 oul-

158 2487 302 2562 toribus
318 2484 461 2561 Cabiris
487 2498 526 2560 st
544 2484 819 2582 Corybantibus
843 2487 1088 2577 tradiderunt,
1113 2497 1234 2561 totam

157 2609 237 2682 fana
269 2609 537 2703 mythologiam
556 2690 563 2713 a
571 2619 822 2708 pervagantur
847 2621 885 2683 ct
910 2612 976 2686 vix
999 2610 1117 2687 ullum
1144 2607 1233 2682 deo-

158 2750 244 2803 mm
271 2730 483 2826 suspicione
514 2729 694 2805 intactum
725 2730 948 2828 relinquunt
1010 2727 1133 2819 Quum
1166 2750 1232 2801 au·

85 2841 87 2845 ’
154 2856 235 2921 'tani
260 2847 549 2921 Hccmcnsutica
580 2849 789 2941 symbolica
820 2850 916 2924 banc
945 2850 1109 2945 regulam
1146 2868 1233 2921 con·
1345 2850 1349 2855 ‘

113 2976 116 2987 ’
159 2970 339 3065 stitucsit,
377 2965 560 3064 quidquid
598 2965 660 3040 dci
700 2967 858 3063 alian‘us
891 2981 957 3042 aust
988 2969 1132 3042 nomini
1164 2977 1232 3040 aut

159 3076 307 3163 munsri
337 3099 466 3183 aptum
498 3097 537 3161 ct
566 3087 757 3161 continens
791 3086 913 3163 videri
947 3090 1085 3185 possit,
1119 3086 1161 3163 id
1191 3088 1232 3160 in

159 3213 271 3285 sacris
298 3210 379 3305 ejus
404 3206 466 3282 dci
479 3230 515 3281 a
538 3205 791 3293 sacerdotibus
811 3207 893 3280 fuse
910 3218 1123 3283 enarratum
1138 3228 1231 3296 asse,

159 3333 367 3427 largissima
391 3327 499 3401 nobis
526 3325 636 3403 datur
661 3327 710 3402 ad
729 3327 940 3425 tingendum
954 3333 1123 3420 matoria,
1148 3330 1231 3404 sivc

160 3454 286 3547 gamos
311 3449 483 3538 asnoios,
509 3450 591 3523 sivo
615 3452 770 3524 numina
795 3451 941 3545 agraria
966 3453 1048 3526 sivo
1068 3462 1230 3553 potesta·

162 3657 297 3708 Gucber
321 3663 349 3708 ct
372 3656 479 3708 Giaur
496 3654 600 3706 detorta
616 3654 690 3723 (nam
707 3656 809 3708 Kafir
825 3655 844 3708 i.
862 3674 886 3707 c.
901 3655 1013 3707 infidelis
1030 3659 1092 3707 anta
1108 3653 1230 3706 Mubam-
1351 3708 1353 3715 χ

161 3727 241 3787 medis
258 3734 375 3795 tempora
393 3743 443 3778 non
461 3725 621 3793 convenire).
655 3725 730 3794 Ergo
747 3742 839 3778 nomen
857 3727 986 3779 Guabet
1009 3724 1166 3795 respondero
1183 3724 1229 3776 bc-

160 3797 250 3850 braico
268 3796 355 3849 Rubbi
372 3800 400 3848 ct
416 3795 516 3865 persico
536 3794 633 3865 Magus
650 3814 671 3847 s.
689 3797 773 3866 Mag,
798 3797 867 3865 quod
890 3814 907 3848 a
924 3797 1057 3849 samscrito
1081 3795 1146 3847 Mab
1169 3796 1186 3848 i.
1205 3812 1227 3846 e.

162 3880 270 3937 magnus
287 3866 392 3919 ductum
408 3867 513 3936 propris
530 3865 581 3918 dici
600 3866 633 3917 dc
648 3865 683 3918 iis
700 3868 746 3936 qni
762 3867 911 3919 Zoroastris
928 3874 1024 3919 sectam
1042 3872 1192 3935 aequantur.

221 3938 276 4025 [Μ]
296 3933 408 4009 Κόσμθς
425 3935 479 3992 ἀπὸ
497 3939 545 3990 τοῦ
563 3932 632 3999 κάζω
650 3933 799 4010 κασμός-
812 3934 879 3992 ὅθεν
895 3934 912 4004 ἡ
929 3942 984 3991 τῶν
1001 3936 1072 3992 ὅλων
1088 3933 1160 3997 τάξις
1177 3929 1226 3987 κό-

142 4056 145 4071 ,
163 4024 232 4080 σμθς
254 4007 309 4064 υπὸ
326 4004 462 4067 Πύθωνος
479 4012 581 4078 εἴρηται
597 4006 687 4081 Etym.
708 4008 747 4063 M.
765 4008 792 4060 id
814 4014 857 4063 cst
878 4024 895 4061 a
919 4008 1077 4079 Pythagora.
1097 4004 1227 4078 Ἁρμονία

163 4080 232 4149 apud
249 4081 389 4134 Homerum
406 4077 511 4132 fibulam
529 4078 668 4146 significat.
