2975 4884
358 290 401 332 n
488 327 490 332 .
564 281 836 337 careret.
954 203 957 216 ·
1140 219 1240 352 tota

164 434 335 525 crimina5
362 434 561 534 dequibus
587 434 784 511 Sallustius
810 461 841 510 e
862 438 964 513 XIV.
990 444 1092 515 seio
1118 446 1238 521 fuis·

163 576 213 628 se
246 556 519 647 nonnullos,
559 559 637 654 qui
671 559 739 631 ita
772 558 1122 653 existimarent,
1161 568 1236 661 jus
1282 642 1287 651 ,

163 686 426 788 ventntem,
473 698 590 774 qnae
630 676 814 752 domum
861 675 1098 756 Catilinae
1140 685 1236 759 fre·
1281 700 1284 711 “

163 795 442 893 queritabat,
489 819 650 895 parum
680 797 903 894 vr‘nedeste
947 800 1236 898 pudicitiam

161 914 396 989 babuisse.
448 915 526 994 Sed
549 939 663 1016 quum
688 918 746 992 illi
773 916 1038 994 declamatores
1059 924 1144 1018 jam
1166 924 1236 1000 dtr·
1348 908 1351 924 ’

161 1033 252 1107 dum
290 1035 561 1127 obmutuerint,
603 1037 815 1135 exemplum
858 1050 1031 1137 petamus
1071 1043 1119 1118 ab
1160 1046 1236 1119 alia

162 1153 322 1252 quadam
364 1156 549 1246 lanaria,
598 1158 723 1230 minus
754 1146 909 1255 quidem
942 1162 1097 1253 illustri,
1146 1175 1236 1262 apta

158 1286 284 1348 mmeo
317 1274 366 1349 ad
398 1276 701 1376 comparandum.
772 1278 922 1352 Etenim
957 1282 1015 1355 in¹
1037 1282 1232 1361 Demostb.

163 1393 226 1467 Or.
263 1418 292 1467 c.
327 1393 467 1470 Conon.
486 1415 488 1420 ’
501 1421 539 1496 p.
569 1397 678 1499 l‘zaa
711 1400 837 1470 nescio
871 1401 972 1496 quis,
1006 1404 1069 1498 qui
1102 1415 1129 1478 'a
1162 1401 1233 1477 Cu·
1314 1493 1316 1499 k

157 1509 258 1587 none
279 1516 432 1614 ejusque
457 1516 741 1612 congerrooibus
762 1518 988 1613 jocularium
1013 1523 1054 1595 in
1078 1521 1246 1597 modum

160 1636 423 1733 vapulaverat,
458 1638 529 1712 hoc
553 1639 660 1735 quasi
692 1637 742 1710 ad
775 1640 1022 1715 excusandam
1043 1633 1144 1716 ‘facti
1176 1651 1234 1717 in·
1269 1620 1272 1627 ⁵

158 1755 301 1831 sidiam
334 1758 460 1847 affert,
491 1757 593 1830 haud
623 1771 763 1855 paucos
790 1780 871 1831 esse
895 1759 1050 1833 Athenis
1072 1764 1232 1856 juvenes
1293 1845 1297 1864 ⁸
1361 1757 1364 1761 ⁴

158 1876 278 1951 nobili
302 1877 385 1950 loco
411 1887 540 1978 natos,
574 1880 638 1975 qui
664 1878 699 1950 si
724 1875 874 1975 publice
908 1892 1134 1971 scortentur,
1167 1906 1233 1956 ne·

158 2007 352 2093 potentur,
387 1996 609 2087 lustrentur,
642 2018 815 2098 concessa
839 1997 926 2070 huic
950 2000 1135 2072 aetatulae
1167 2024 1232 2076 ve·
1284 2021 1285 2032 ¹

154 2118 221 2188 nia
260 2116 332 2188 sibi
366 2118 423 2187 uti
453 2115 670 2206 videantur,
715 2099 829 2213 idque
863 2138 907 2187 eo
941 2116 1061 2192 levius
1079 2120 1231 2220 'haben-

158 2233 270 2323 dom,
295 2234 627 2332 quodnebulones
652 2236 716 2308 isti
740 2237 901 2333 ineptias
926 2259 1012 2310 siras
1037 2240 1078 2311 in
1103 2264 1231 2337 prom-
1359 2229 1364 2238 ’

155 2365 200 2427 tu
227 2365 265 2427 et
289 2358 330 2433 in
353 2356 554 2453 propatulo
579 2355 752 2445 habeant,
776 2356 847 2429 hoc
863 2358 988 2455 ipsum
1008 2358 1229 2460 liberanto·

155 2474 249 2547 fessi
273 2474 481 2577 ἰθύφαλλοί
505 2479 614 2576 ἐσμεν
649 2480 684 2552 οἱ
717 2477 947 2576 συνημμένα
976 2478 1042 2554 aab
1075 2484 1230 2582 ἐρῶντες

158 2592 326 2692 ἀλλήλων
350 2621 387 2695 p.
417 2596 526 2669 1263.
577 2596 731 2695 Hoaque
752 2597 975 2698 Juvencu'los
1001 2613 1128 2674 orator
1163 2604 1229 2676 ille

157 2717 353 2815 vapularis
375 2717 466 2791 dicit
489 2719 531 2790 in
555 2740 752 2792 commune
776 2718 1016 2816 Ithypballos·
1043 2723 1230 2796 nominari

156 2835 364 2932 (celerima
398 2835 578 2934 ἀλλήλους
611 2848 665 2938 τῷ
694 2838 924 2938 Ἰθυφάλλῳ)
952 2838 1074 2912 medo
1110 2840 1228 2914 etiam

80 2979 94 2994 “
158 2954 343 3030 Triballos
368 2966 406 3030 et
430 2956 715 3051 Autolecathes,
750 2975 843 3055 quae
873 2961 1028 3035 nomina
1060 2956 1231 3032 dicuntur
1334 2945 1338 2952 ¹
1372 2978 1379 2992 ’

155 3075 196 3148 in
221 3076 391 3151 homines
417 3079 574 3172 ingenue
598 3099 767 3175 nequam.

158 3231 161 3235 ·
257 3197 335 3271 His
354 3199 533 3295 expositis
558 3208 708 3295 promta
740 3199 811 3270 erit
842 3217 975 3270 causae
994 3195 1229 3293 dijudicatio.
1357 3200 1361 3206 '

156 3313 388 3391 Alcibiadem
423 3316 589 3391 obscenis
619 3320 731 3391 sacris
765 3339 918 3416 operam
952 3315 1045 3392 dare
1073 3316 1231 3393 affirmat
1353 3306 1359 3322 ’

155 3421 333 3535 Eupolis3
364 3438 447 3528 ille,
473 3439 507 3511 si
532 3441 649 3537 sapit,
673 3450 801 3534 negat3
828 3448 911 3511 uter
936 3440 1079 3528 verior,
1111 3440 1228 3513 scive-

132 3557 249 3647 rint,
275 3561 338 3657 qni
354 3568 576 3657 -pracsentes
602 3558 809 3633 adfuerunt
866 3558 982 3634 Nobis
1007 3558 1101 3632 nibil
1126 3555 1229 3630 aliud

33 3677 35 3682 ’
154 3677 325 3753 reliemm
359 3690 443 3768 est,
471 3699 582 3778 quam
615 3692 658 3753 nt
691 3701 926 3779 quaeramus,
965 3690 1090 3751 utrum
1122 3678 1228 3773 orgia

155 3797 223 3870 illa
247 3798 452 3898 Baptarum
478 3823 502 3873 a
525 3819 624 3875 vano
646 3790 762 3899 poeta
780 3809 921 3874 temere
940 3802 1026 3872 licta
1046 3788 1084 3871 et
1105 3820 1228 3873 emen·

155 3919 226 3992 tita
259 3941 309 3993 an
339 3921 515 4019 populari
548 3943 718 3995 sermone
754 3899 956 3995 diffamata
975 3920 1123 3993 fuerint
1186 3918 1228 3992 st
1289 4021 1292 4026 ‚

154 4036 226 4111 hec
265 4053 419 4140 propter
460 4063 701 4116 communem
733 4039 975 4117 sodalitatem
1017 4041 1157 4140 famam
1189 4047 1255 4126 ct¹

929 4162 1025 4236 16*
