2975 4884
246 245 349 327 lose
459 346 462 351 Ι
568 261 713 319 creas
737 259 998 318 secuturus.

241 422 351 500 facile
374 430 580 497 succurret·
603 405 698 493 ‘Sed
722 427 766 492 ut
790 415 863 491 lroc
880 412 1113 508 eanwlanrr,
1139 411 1236 489 illud
1255 419 1322 515 qui

243 542 393 621 tandem
432 559 510 615 non
539 537 656 614 mode
672 599 674 602 .
690 536 843 614 concedi
877 534 946 611 sed
979 536 1131 611 omnino
1162 535 1321 633 intelligi

233 676 389 776 potest,
421 661 587 759 Eupolin
612 682 747 734 ausum
772 679 854 732 case
887 653 1209 754 Hieroplrantam,
1242 657 1352 754 nex

246 783 426 873 duchum,
464 778 643 875 Corycos,
678 779 826 874 Mystes
854 778 896 851 in
927 775 1088 875 Baptae,
1126 777 1202 851 hec
1229 799 1322 854 voee
1354 845 1357 851 .

245 906 375 979 estin
406 900 582 977 unaede
614 901 875 995 transfigurare
906 897 1124 996 populoque
1149 895 1324 972 exhibere

244 1024 496 1123 spectaculum
522 1023 776 1095 taeterrimum
804 1029 843 1092 et
862 1019 929 1095 vix
953 1019 1127 1099 mimicae
1151 1018 1323 1093 licentiae

147 1124 155 1145 ’
244 1142 493 1243 permissuml
531 1143 584 1216 Et
608 1152 738 1239 aperte
762 1148 944 1238 repugnat
967 1136 1192 1231 Hesychius,
1216 1138 1324 1222 iulus·¹

245 1264 324 1337 lam
349 1263 454 1336 illam
479 1261 530 1336 ad
555 1261 819 1336 contumeliam
848 1269 925 1333 non
949 1257 1156 1352 Alcibiadis
1189 1260 1322 1351 selune,²

246 1379 454 1457 sedetiam
488 1379 765 1455 Corinthiorum
799 1380 976 1479 scriptam
1009 1379 1192 1468 referens,
1218 1402 1324 1478 quo-

247 1524 330 1577 rum
355 1523 509 1600 prorsus
533 1502 660 1575 nullae
684 1502 835 1574 fuerunt
873 1501 914 1572 in
939 1500 1013 1573 isto
1037 1487 1230 1591 conviyali
1254 1502 1324 1574 mia

246 1634 472 1720 mo'parees.
522 1621 629 1695 Haec
659 1632 789 1694 eutem
823 1621 966 1710 omnia,
994 1641 1157 1717 *querum
1178 1641 1325 1695 ‘unum-

248 1741 420 1841 quodque
454 1744 640 1816 maximas
665 1741 778 1814 hebet
811 1737 1064 1831 difficultates,
1097 1764 1212 1839 quere
1243 1756 1324 1817 tan-

80 1953 83 1967 &
129 1877 132 1880 ’
248 1860 335 1936 dem
360 1861 580 1936 sumunturl
630 1862 691 1935 De
719 1863 985 1960 mysteriorum
1011 1861 1216 1936 violatione
1240 1863 1324 1962 plu·

130 1995 132 2004 ’
247 1984 335 2057 rimi
362 1994 530 2058 veterum
555 1983 776 2080 loquuntur,
803 1980 850 2054 de
874 1978 1073 2080 Eupolidis
1095 1982 1223 2055 fabula
1247 2005 1323 2056 non

248 2105 379 2201 pauci,
413 2125 572 2200 quorum
598 2104 765 2176 omnium
791 2124 962 2176 neurus
995 2102 1145 2200 quidem
1176 2104 1239 2178 vel
1270 2104 1324 2177 le-

249 2224 443 2301 vissimam
464 2224 712 2321 suspicionem
734 2223 882 2318 injecit,
907 2244 989 2296 esse
1010 2224 1173 2320 aliquem
1189 2226 1324 2299 utrius·

250 2366 323 2442 que
346 2346 402 2417 rei
425 2341 747 2440 necessitudinem.
799 2342 978 2440 Superest
1001 2345 1113 2438 igitur
1147 2356 1189 2417 ut
1219 2344 1325 2420 Butt-
1432 2393 1439 2406 ·

220 2558 223 2572 ἲ
251 2485 409 2538 mannus
435 2460 680 2553 demonstret,
715 2473 781 2535 eut
805 2464 886 2535 lieri
910 2484 986 2536 nen
1012 2486 1123 2561 posse
1155 2477 1221 2539 aut
1252 2467 1325 2541 sal·

251 2593 330 2655 tem
354 2582 437 2658 veri
460 2583 583 2655 simile
608 2604 683 2655 non
710 2604 802 2673 esse,
827 2593 870 2655 ut
889 2581 1103 2658 Alcibiades
1128 2585 1203 2658 alio
1229 2598 1324 2660 tem·

251 2723 344 2801 pore
369 2699 514 2775 Cereris
539 2723 662 2792 sene,
692 2702 767 2775 alie
795 2699 968 2798 Colyttus
995 2728 1071 2778 non
1097 2704 1218 2781 dicem
1243 2707 1326 2806 pol-

93 2819 95 2823 '
212 2917 214 2922 s
251 2822 363 2897 luerit
394 2821 461 2897 sed
486 2821 667 2920 polluisse
691 2817 852 2897 creditus
877 2825 928 2897 sit
941 2821 1010 2923 [⁸⁹]

257 3113 265 3125 „
324 3062 380 3131 [³⁹]
408 3062 484 3125 Quae
500 3061 617 3116 Meierus
638 3063 666 3116 iu
682 3063 792 3132 Allgem.
810 3062 876 3119 Lito.
893 3063 962 3117 zeit.
987 3063 1141 3117 ann.1827.
1167 3064 1322 3134 N.1ao.p.

253 3128 313 3185 147.
337 3148 384 3210 pre
403 3133 559 3186 Buttmanno
576 3133 670 3198 affert,
694 3134 797 3186 infirma
819 3140 879 3186 sunt
902 3134 1001 3186 omnia:
1036 3134 1065 3187 N
1071 3134 1131 3187 ach
1155 3134 1320 3210 l’lutarclr

252 3202 363 3253 haben
387 3203 459 3255 sich
484 3205 538 3257 die
563 3204 738 3256 Genossen
767 3206 866 3272 jener
893 3204 1063 3257 heillesen
1090 3205 1221 3272 Orgien
1243 3200 1322 3258 Ml-

253 3286 331 3325 σται
357 3280 511 3339 genennt,
536 3274 685 3343 Eupolis
708 3276 791 3326 aber
814 3282 918 3328 neunt
945 3274 995 3326 sie
1017 3274 1169 3345 Bepten‚
1194 3275 1322 3342 gewiss

253 3342 288 3393 in
311 3340 459 3394 wielern
482 3344 516 3396 in
536 3344 660 3396 seinans
683 3344 815 3396 stricke
838 3362 879 3396 an
897 3344 947 3398 die
965 3345 1079 3397 Stella
1096 3345 1155 3396 der
1171 3343 1321 3398 Lustra-

252 3411 329 3464 tion
361 3411 442 3462 oder
473 3414 533 3466 der
563 3415 821 3484 Besprengung
845 3416 904 3468 mit
930 3415 1136 3485 Oplerblut‚
1160 3416 1323 3470 wedurclr

254 3481 308 3533 die
333 3480 573 3553 Initiirungen
601 3483 635 3536 in
665 3484 727 3537 den
753 3484 963 3538 wirklichen
994 3485 1186 3553 Mysterien
1210 3487 1323 3539 erdli—
1350 3497 1352 3500 “

253 3560 312 3606 net
334 3552 490 3617 wurdeu,
516 3555 592 3607 eine
615 3554 747 3622 vdllige
769 3554 1011 3624 Eintauchung
1028 3556 1062 3609 in
1079 3555 1247 3609 Wein·bis
1264 3571 1324 3609 zur

255 3622 500 3675 Trunlrenheit
533 3631 621 3676 trat:
654 3624 794 3677 hieraul
820 3626 947 3678 libren
979 3627 1040 3679 das
1069 3625 1133 3700 παρ’
1159 3622 1236 3681 οἶνον
1260 3628 1324 3695 bey

253 3687 1322 3765 Plut.,dieeusdiesenengefilrrtenrluarufungenederee-
1477 3677 1479 3708 ³

255 3767 305 3827 βαῖ
320 3769 370 3815 etc.
405 3764 519 3817 Primum
538 3783 599 3829 eos,
623 3765 669 3833 qui
686 3766 828 3818 Eleusiniis
845 3766 1017 3833 initiarentur,
1043 3770 1169 3837 sanguine
1186 3766 1323 3837 adspersos
1339 3815 1344 3822 ,

255 3848 327 3895 esse,
350 3849 423 3885 nemo
441 3844 557 3888 veterum
574 3834 695 3904 prodidit.
732 3835 851 3888 Secundo
875 3836 936 3891 εὐοῖ
951 3843 1033 3905 σαβοῖ
1054 3840 1107 3907 (sic
1125 3838 1192 3894 enirn
1209 3837 1323 3890 scriben-

254 3901 329 3968 dorn)
346 3917 396 3953 uon
414 3913 454 3957 est
471 3906 613 3959 convivalis
628 3906 785 3960 >vociferatio
803 3907 850 3959 aad
868 3908 1066 3962 bacchationem
1083 3909 1251 3977 mysticarum
1267 3907 1323 3978 epi-

253 3971 395 4094 qhtlregma
412 3991 429 4025 a
446 3975 526 4028 sacris
543 3976 683 4028 Eleusiniis
700 3994 839 4047 eorumque
855 3978 999 4031 simulacris
1016 3979 1204 4044 alienissimum.
1222 3978 1324 4032 Deinde

277 4041 411 4095 lutarclrus
427 4042 505 4113 longa
523 4045 594 4100 aliud
612 4046 676 4099 dicit
693 4064 725 4099 sc
750 4049 791 4100 vir
816 4049 907 4102 dectm
932 4049 1092 4119 praetendit,
1118 4050 1169 4102 hec
1192 4049 1323 4115 videlicet,
1422 4117 1425 4126 A
