2975 4884
261 254 362 340 lou
588 266 731 324 crena
747 264 990 328 occursus,
1023 317 1026 328 .

256 426 457 528 praeconio
479 422 638 498 solemni
661 422 793 537 ‘uteie
823 421 963 522 odom
995 420 1155 498 indictae
1187 423 1321 502 lusus-

257 551 396 637 done,
436 542 536 618 unde
567 543 771 638 Baptarum
802 541 954 631 nomen3
987 539 1092 616 hinc·
1114 541 1250 618 cordex
1284 557 1323 619 et

185 701 188 706 ·
256 666 440 755 bacchati3
464 663 635 758 religioni
659 660 809 735 additae
827 658 1037 755 voluptates
1062 664 1207 756 viniet
1232 688 1324 762 epu.

255 787 334 876 lae,
361 796 417 874 et,
443 782 543 881 quod
568 767 711 879 ubique
727 783 788 870 lit,
824 781 937 853 sacris
962 782 1080 854 mixta
1102 783 1271 878 profano.
1318 833 1322 839 -

360 903 433 995 Qui
457 924 549 978 vero
574 902 715 974 factum
740 902 809 987 sit,
843 910 885 970 ut
916 902 1041 995 magni
1064 903 1230 998 pupillus
1254 904 1324 976 Pe.

256 1025 338 1098 ricli
362 1025 403 1095 in
429 1021 560 1106 eadem
583 1021 792 1119 suspicione
816 1030 1032 1116 poneretur,
1066 1019 1169 1094 haud
1194 1022 1321 1102 diffici-

257 1145 304 1217 lis
330 1144 401 1215 erit
426 1121 634 1238 conjectura
657 1140 771 1237 siquis
796 1137 870 1211 sibi
894 1139 1055 1224 hominis
1085 1139 1232 1213 factiosi
1255 1142 1321 1215 he·

256 1265 412 1336 taeniam
429 1260 485 1361 [ω]
512 1273 598 1335 ante
623 1260 750 1334 oculos
773 1270 959 1356 proponat
983 1270 1023 1331 et
1047 1280 1157 1356 quam
1182 1262 1320 1336 multos

256 1383 321 1456 ille
345 1382 517 1456 habuerit
542 1391 736 1469 amatores,
751 1380 957 1482 ¹parasitos⁹
983 1378 1134 1453 clientes
1154 1403 1200 1453 cx
1216 1384 1322 1455 omni
1390 1433 1395 1442 a

178 1487 179 1492 ¹
256 1526 389 1598 genere
420 1502 612 1578 hominum
645 1498 836 1587 collectos,
871 1497 966 1570 alios
998 1500 1114 1571 animi
1146 1511 1185 1572 et
1211 1499 1321 1573 officii

159 1711 161 1716 ¹
257 1643 383 1712 causa,
418 1622 512 1695 alios
534 1618 596 1693 ad
626 1616 898 1711 suffragandum
924 1629 962 1690 et
986 1616 1035 1690 ad
1061 1628 1182 1692 cetera
1205 1620 1321 1693 ambi-

256 1743 369 1817 tionis
393 1742 610 1814 ministeria
669 1734 792 1825 Quum
824 1759 915 1811 vero
949 1735 1107 1827 Calliae,
1143 1739 1322 1826 levissimi
1359 1833 1365 1840 ι

236 1861 435 1951 hominis,
474 1868 714 1933 assectatores
748 1852 907 1932 comicis
939 1857 1180 1951 largIssimam
1216 1882 1322 1956 prae-

255 1980 405 2054 buerint
423 1976 623 2055 cavillandi
637 1978 831 2050 materiam
848 1973 919 2074 [³¹],
947 1988 1084 2076 quanto
1110 1977 1320 2060 credibilius

257 2099 423 2188 videtur,
463 2096 512 2170 de
546 2099 616 2187 iIs,
655 2098 718 2194 qui
755 2094 959 2169 Alcibiadis
996 2106 1135 2188 sectam
1173 2101 1320 2195 sequuti

257 2231 355 2308 sunt,
381 2240 581 2313 corumque
606 2214 771 2290 coetibus
797 2226 837 2288 et
861 2217 1200 2293 conversationibus
1224 2218 1321 2292 mul·

257 2353 338 2412 tum
363 2339 581 2433 variumque
599 2338 748 2409 fluxisse
767 2337 997 2411 sermonem?
1029 2337 1177 2428 Talium
1195 2352 1320 2413 autem

257 2457 497 2533 sodalitatum
523 2455 669 2529 crebros
695 2477 905 2546 consessus,
930 2458 1105 2533 convivia
1128 2458 1320 2533 licentiosa

180 2605 187 2624 ·
259 2578 389 2666 fuisse,
413 2575 520 2650 Plato
545 2586 700 2649 testatum
724 2576 766 2647 in
791 2575 941 2654 Theaet.
967 2599 1004 2674 p.
1029 2576 1111 2652 173.
1130 2579 1179 2652 Ι).
1205 2604 1320 2659 σπου-

247 2780 250 2786 ’
331 2816 387 2886 [³⁰]
405 2814 485 2867 noct.
502 2813 536 2866 tt
552 2813 611 2882 erg.
628 2812 679 2865 m.
695 2811 756 2867 ooo.
773 2817 802 2866 c
817 2819 906 2870 noum
922 2819 963 2869 et
979 2832 1066 2869 omna
1082 2816 1127 2885 qa
1142 2817 1171 2887 a
1186 2817 1321 2887 mona

260 2885 397 2940 dominari-
409 2884 519 2948 vellent,
542 2900 603 2935 suas
624 2883 746 2936 habuisse
767 2885 910 2950 hetaerias,
932 2902 1040 2954 quarum
1061 2886 1113 2939 vim
1135 2893 1164 2939 et
1186 2895 1320 2958 oomopte-

259 2957 311 3010 lam
328 2954 494 3008 disertissime
511 2953 632 3024 exposuit
649 2953 816 3024 Thucydides
828 2954 877 3008 111.
894 2954 937 3008 82.
955 2954 987 3009 οὗ
1004 2954 1058 3026 γὰρ
1072 2954 1143 3045 μετὰ
1159 2959 1321 3029 τῶννειμέ-

260 3044 318 3083 νων
334 3022 428 3097 νόμον
444 3024 577 3096 ὠφελείας
593 3024 623 3075 al
636 3028 757 3078 comicus
774 3021 899 3093 ξύνοδοι,
925 3022 992 3078 ἀλλὰ
1010 3045 1085 3098 παρα
1100 3024 1162 3087 τοὺς
1179 3031 1319 3082 mitani-
1433 3034 1436 3040 '

260 3116 308 3157 τας
323 3098 473 3163 πλεονεξίᾳ,
490 3097 538 3147 καὶ
553 3091 600 3153 τὰς
616 3095 644 3154 ἔς
660 3098 733 3155 σφοῖς
749 3093 846 3155 αὐτοὺς
861 3100 963 3155 πίστεις
980 3094 1064 3165 οὐιτῷ
1077 3101 1145 3165 θείῳ
1155 3092 1231 3169 νόμῳ
1244 3100 1319 3169 poil-

260 3168 310 3234 λον
326 3161 503 3234 ἐκρατύνοντο
519 3160 537 3230 ἢ
553 3166 591 3234 τῷ
607 3167 691 3233 κοινῷ
706 3184 732 3217 τι
749 3167 951 3238 παρονομῦσαι.
985 3165 1017 3217 In
1038 3167 1088 3219 hoe
1108 3173 1258 3220 ιῐοοοοιιιοο
1276 3170 1318 3221 al·

260 3237 343 3289 femin
358 3235 498 3303 Iphicratis
514 3236 586 3302 (nam
603 3241 690 3286 cetera
707 3236 810 3288 notiora
827 3235 900 3303 sunt)
917 3235 1067 3304 exemplum.
1086 3237 1187 3290 Seneca
1202 3237 1317 3309 Epitom.

261 3304 384 3357 controv.
401 3305 447 3357 VI.
465 3305 489 3357 8.
506 3304 567 3357 279.
583 3304 611 3357 in
627 3304 761 3357 lemmata:
794 3305 918 3358 Missus
938 3305 1133 3374 Iphicrates
1156 3308 1319 3362 adversus

261 3374 425 3427 Thracum
445 3391 554 3443 regem
581 3374 633 3426 bis
656 3376 730 3427 acie
752 3376 861 3428 victus
888 3375 1004 3427 foedus
1030 3394 1094 3429 cum
1119 3395 1155 3430 co
1181 3395 1319 3447 percus·

260 3445 304 3498 sit
326 3448 359 3496 ct
381 3443 490 3496 filiam
519 3446 590 3513 ejus
617 3444 709 3497 duxit
731 3461 874 3500 uxorem.
895 3473 898 3478 ·
916 3446 1017 3509 Quum
1038 3447 1186 3500 Athenas
1208 3449 1319 3501 redis·
1365 3447 1372 3458 ‘

260 3522 315 3569 set
337 3518 370 3567 et
393 3530 521 3567 cansam
543 3514 680 3568 diceret
701 3515 770 3567 risi
793 3522 871 3567 sunt
892 3516 985 3569 circa
1002 3516 1170 3586 judicium
1186 3519 1319 3587 quidam

260 3586 426 3639 Thracum
451 3583 546 3637 cultu
569 3584 693 3638 armati
722 3584 789 3636 eti
817 3602 854 3637 se
881 3603 959 3638 rens
989 3586 1140 3655 gladium
1167 3589 1319 3642 strinxit.

260 3656 360 3710 Iisdem
378 3653 487 3719 Quintil.
503 3654 617 3708 Declam
639 3653 733 3706 GCCL
809 3656 854 3707 vl.
896 3655 1043 3723 Polyaenus
1058 3656 1151 3711 11L9.
1169 3656 1210 3715 ts.
1232 3677 1259 3730 p.
1275 3654 1318 3711 tt

257 3727 359 3794 judiees
375 3724 514 3797 Iphicratis
531 3724 672 3777 hetaeriam
688 3725 851 3793 pertimuisse
866 3727 955 3779 refert.

290 3862 294 3870 ·
331 3831 387 3901 [³¹]
412 3833 533 3885 Καλλίου
549 3830 650 3901 ἑταῖροι
666 3830 714 3884 καὶ
729 3824 841 3890 κόλακες
857 3831 904 3883 καὶ
925 3830 1055 3902 κωμῳδίᾳ
1075 3828 1107 3884 l'
1127 3848 1160 3885 ον
1179 3834 1319 3905 παρέσχον

261 3899 385 3953 Philostr.
405 3901 438 3953 V.
460 3903 541 3975 Sophs
558 3900 594 3954 11.
610 3899 653 3952 2⁵.
670 3898 731 3952 610.
765 3900 862 3966 (letare
883 3900 1003 3955 exhausit
1019 3901 1073 3955 nt·
1125 3902 1142 3917 '⁸
1167 3902 1246 3956 docta
1265 3902 1320 3955 dis-

260 3971 362 4040 pntatio
384 3970 461 4039 Spec.
477 3972 500 4025 1.
524 3988 551 4041 p.
568 3969 611 4024 51.
630 3987 668 4039 sq.
702 3969 846 4040 Alcibiadis
868 3963 980 4032 κόλακες
1000 3971 1094 4025 Libas.
1115 3972 1189 4025 Decl.
1213 3973 1249 4027 T.
1271 3973 1318 4026 lv.

262 4040 321 4094 188.
345 4039 450 4094 Cleonis
466 4041 598 4111 Aristoph
615 4035 692 4111 Vesp-
710 4038 787 4095 1088.
803 4042 864 4110 jore
880 4040 1004 4097 sodalicio
1019 4043 1081 4096 nexi
1097 4049 1179 4096 aaut
