2975 4884
262 221 341 299 ool
492 206 501 225 ’
580 194 1042 301 nrarnancursnus
1154 236 1159 246 “

261 418 412 473 versum
432 394 481 470 dc
503 396 644 503 Orphei
666 397 749 491 lyra
767 400 791 496 ἢ
813 400 878 476 καὶ
899 397 1090 486 ἀναύδους
1110 402 1330 502 aichcaci

262 514 416 618 Φόρκου
433 518 595 623 στυγνὸν
610 520 758 596 ἔπειθον
773 519 891 621 ὕδωρ,
905 541 979 615 quo
994 522 1145 595 nornine
1159 520 1329 621 Stygiam

262 658 394 736 nquam
409 638 605 733 significari
620 640 818 711 assentitur
831 638 1028 732 Mueller03
1044 639 1156 738 idque
1170 663 1331 739 propere

260 757 488 855 approbavit
511 755 704 831 Jacobsins
728 757 845 830 Lecta
871 757 976 832 Stob.
991 783 1028 857 p.
1047 759 1130 834 106.
1155 760 1330 833 Ruhnke-

260 878 344 953 oim
371 898 462 951 vero
487 875 641 979 Φόρκου
666 877 771 977 ῧόιορ
797 899 900 951 mare
924 879 1245 977 interpretabatur,
1271 881 1331 952 cui

259 994 353 1071 nihil
374 993 489 1069 aliud
515 1009 710 1093 opponunt
733 998 808 1069 nisi
832 997 1004 1092 languere
1029 999 1099 1072 hoe
1125 1000 1326 1097 epitheton.
1396 1060 1399 1064 ,
1468 1038 1475 1053 -

260 1114 356 1190 Nam
390 1113 492 1213 qnod
523 1114 738 1190 Welckerus
772 1115 878 1189 addit
908 1117 949 1190 in
975 1117 1111 1213 l'rllog.
1136 1118 1266 1194 Aesch.
1292 1141 1329 1216 p

261 1234 348 1309 383.
388 1235 512 1337 ipsum
547 1233 774 1330 adjectivum
811 1234 970 1340 στυγνός
1001 1239 1206 1332 significare
1237 1248 1329 1333 sty-

259 1355 407 1450 gium,
431 1353 474 1429 id
496 1376 618 1453 neque
643 1355 814 1452 exemplo
840 1355 918 1428 ullo
944 1354 1330 1456 demonstrari-neque

260 1497 307 1548 ex
332 1496 389 1564 eo,
402 1475 515 1573 ‘quod
529 1472 699 1582 στυγνός
724 1487 764 1548 et
789 1473 938 1579 στόγιος
957 1490 1176 1550 communes
1187 1477 1332 1553 radices
1379 1544 1382 1551 ,

258 1593 412 1684 babent,
438 1596 559 1691 colligi
584 1606 719 1695 potest,
744 1595 818 1667 nisi
843 1595 925 1692 quis
942 1608 996 1668 'eo
1022 1594 1243 1671 descendere
1257 1621 1331 1673 lve-
1480 1598 1482 1659 l

227 1812 229 1815 Ι
257 1712 322 1804 lit,
357 1726 400 1787 ut
435 1715 610 1813 μειλίχιος
643 1729 681 1790 et
704 1711 901 1815 μελιτόεις,
926 1714 1073 1815 ψυχρός
1098 1717 1136 1789 et
1160 1716 1330 1818 ψυχικάς,
1480 1702 1482 1795 i

258 1832 397 1937 ἄχηρής
438 1845 477 1908 et
514 1833 745 1935 οἷχερόντιος,
792 1835 960 1931 μέθυσος
992 1846 1031 1908 et
1061 1840 1328 1934 Μεθυμυαῖος,
1481 1840 1482 1843 ’

49 2050 55 2065 .
256 1956 360 2030 idem
385 1956 588 2050 significare
613 1953 725 2043 dicat,
751 1950 839 2050 quia
862 1951 910 2026 ab
937 1953 1065 2028 eadem
1086 1957 1202 2051 stirpe
1221 1966 1330 2029 enata

120 2160 124 2171 „
257 2081 342 2151 sint
393 2073 577 2172 Equidem
602 2073 776 2170 languere
795 2073 1016 2149 Phanoclem
1042 2075 1192 2164 malim,
1216 2097 1327 2173 quam

257 2208 302 2271 ut
326 2217 413 2268 eum
438 2194 569 2269 Phorci
595 2196 746 2267 nomine
777 2195 860 2268 loca
884 2195 1006 2269 infera
1030 2194 1328 2273 denomssesine

258 2315 335 2388 ullo
368 2296 518 2387 auctore
550 2323 589 2384 et
621 2314 791 2409 exemplo
823 2313 982 2386 credam.
1039 2314 1230 2389 Postremo
1262 2313 1329 2395 du-

257 2434 338 2508 bito
363 2455 454 2506 num
482 2428 635 2531 Φόρκου
661 2430 766 2530 ὕδωρ
792 2429 1001 2524 languidius
1025 2433 1228 2529 sit,.quam
1259 2434 1328 2531 Τή-

257 2560 356 2640 θυος
389 2552 493 2652 ὕδωρ
528 2549 642 2648 Orph.
675 2547 761 2644 Arg.
797 2550 906 2627 1109.
942 2550 1119 2625 Nereos
1144 2574 1328 2648 aequor,

257 2672 407 2774 κύματα
433 2670 688 2772 Ἀμφιτρίτης,
722 2669 945 2767 Panopae
976 2693 1138 2766 greges
1164 2671 1328 2770 (Terent

255 2796 374 2870 Maur.
407 2815 444 2869 v.
470 2789 600 2888 2630.)
629 2790 821 2889 ipsiusque
846 2790 1014 2864 Phorci
1039 2791 1207 2867 chorus
1233 2791 1326 2865 Stat

259 2917 353 2997 Silv.
386 2916 433 2989 11.
468 2914 503 2987 2.
541 2911 599 2984 19.
613 2948 617 2953 ·
633 2910 765 3008 quibus
799 2910 890 2985 locis
922 2910 1076 3008 quilibet
1107 2910 1204 2987 alius
1234 2910 1326 2986 deus

257 3038 423 3110 marinus
463 3032 648 3110 nominari
685 3040 844 3128 poterat
903 3031 958 3105 Ac
989 3032 1146 3107 fortasse
1176 3055 1224 3106 nc
1256 3033 1327 3107 hoc

257 3154 407 3254 quidem
427 3155 663 3250 significatur,
689 3151 788 3249 quod
804 3149 1022 3224 Ruhnkenic
1041 3153 1175 3250 placet,
1199 3175 1325 3227 mare

255 3269 490 3363 universum,
522 3272 589 3346 sed
614 3294 659 3345 ea
683 3293 771 3369 pars
797 3272 929 3365 maris,
954 3294 1028 3370 qua
1053 3271 1321 3370 Symplegades

131 3448 135 3458 .
256 3386 438 3483 eminent,
462 3395 587 3466 nautis
613 3391 785 3465 omnibus
809 3390 1079 3481 formidabiles,
1105 3414 1215 3488 quam
1240 3417 1327 3493 par·

256 3527 333 3590 tem
366 3514 507 3588 Phorco
544 3512 608 3585 ille
641 3510 729 3597 ἁλὸς
761 3512 975 3614 ἀτρυγέτοιο
1005 3512 1158 3611 μέδοντο
1189 3515 1324 3589 multo
1477 3554 1480 3561 ·

255 3658 410 3734 rumque
447 3644 696 3706 monstrorum
736 3632 964 3729 progenitori
997 3634 1103 3728 quasi
1132 3636 1323 3731 propriam

207 3770 211 3781 ‘
256 3754 435 3829 ditionem
468 3753 670 3851 subjectam
706 3750 822 3822 brisso
852 3774 874 3823 e
908 3746 1070 3844 causei
1094 3752 1176 3825 loco
1202 3754 1323 3847 colligi

255 3886 402 3973 potest,
442 3875 476 3947 si
509 3874 573 3947 ille
609 3868 878 3969 Symplegades
911 3883 1085 3969 tanquam
1119 3873 1324 3945 vastissimi
1390 3878 1424 3935 s

256 3996 360 4092 regni
384 3996 481 4069 ostia
507 3992 662 4097 Φόρκου
687 3989 808 4077 πόλος
831 3991 1050 4066 nominavit
1103 3990 1344 4088 Quanquam«
