2975 4884
543 250 814 305 carruca.
1037 233 1042 246 '
1136 234 1211 317 eoi

145 407 328 478 humanae
366 405 585 504 prudentiae
618 405 766 480 videtur
797 428 917 505 neque
948 409 1014 482 ads
1030 413 1212 509 explican-
1300 392 1304 403 ’

145 523 232 599 dam
266 524 360 598 hanc
394 527 646 623 quaestionem
679 531 944 619 necessarium,
976 533 1035 602 cui
1066 531 1212 606 abunde

81 676 86 685 ·
144 644 374 719 satisfactum
400 648 482 736 erit,
507 649 540 720 si
566 644 847 737 ostenderimus,
878 646 1058 746 quidquid
1084 650 1131 722 de
1157 674 1213 724 rc·
1287 690 1290 695 ⁴
1355 690 1359 695 >

144 763 213 837 bus
255 763 391 838 abditis
433 778 498 838 aut
537 767 647 840 altius
687 769 891 862 conjectum
924 783 989 841 aut
1023 770 1214 846 obscurius

144 878 390 958 dictumest
432 884 588 983 denique
606 878 660 967 ,in
690 889 896 985 sapientiae
930 893 1215 965 ostentationem

145 1003 343 1077 ambitiose
374 1006 622 1102 compositum
658 1009 726 1095 sit,
766 1007 1006 1111 Pythagoreis
1041 1010 1082 1080 in
1115 1031 1216 1083 com·
1281 1076 1283 1083 ⁴

146 1145 257 1201 mune
303 1123 482 1214 adscribi,
501 1160 503 1163 v
524 1147 663 1233 eosque
701 1129 842 1224 passim
885 1150 968 1201 cum
1007 1127 1215 1226 Aegyptiis,

146 1240 361 1334 Chaldaeis,
391 1244 511 1339 Magis
545 1245 792 1346 omnibusque
820 1248 1045 1321 occultarum
1075 1253 1225 1350 ’artium

146 1364 418 1439 affectatorihus
452 1368 627 1463 componi
657 1352 836 1465 tanquam
861 1367 993 1442 eadem
1017 1369 1217 1466 professos.-

147 1484 224 1557 Scd
249 1484 296 1557 de
321 1487 500 1560 orationis
525 1509 656 1581 genere
680 1486 770 1560 alibi
795 1487 953 1579 dicmm3
977 1509 1077 1562 nunc
1094 1512 1217 1566 exau·

145 1605 210 1702 pla
233 1606 420 1703 proferam
445 1610 709 1681 sententiarum
734 1609 933 1700 mysticum
958 1608 1219 1706 quiddamrek·

128 1710 370 1800 ‘sonantium
395 1725 615 1800 Aristoteles
640 1730 681 1799 in
705 1725 938 1813 Anal..Post.
964 1729 1006 1801 L.
1031 1732 1078 1804 Π.
1105 1755 1135 1804 ο.
1159 1733 1216 1806 10.

149 1844 235 1919 587.
267 1854 301 1923 ei
329 1850 476 1946 βροντᾷ
501 1842 834 1946 οἷοοσβοννυμένου
859 1856 936 1922 τοῦ·
953 1849 1073 1946 πυρὸς
1097 1850 1218 1954 οἷνοίγ-Ι

148 1967 312 2062 mattea
341 1967 406 2042 καὶ
437 1972 579 2066 ψοφεῖν
611 1967 675 2042 καὶ
706 1965 790 2065 (leg.
823 1965 887 2040 καὶ
919 1964 1004 2062 οὐχ)
1038 1966 1156 2065 οἷ’ςπερ
1183 1974 1219 2044 οἱ

150 2083 414 2189 Πυθαγόρειοί
453 2110 591 2185 φασιν,
632 2088 781 2182 ἀπειλῆς
820 2087 926 2162 ἕνεκα
964 2092 1042 2170 τοῖς
1083 2090 1125 2163 ἐν
1163 2099 1218 2187 τῷ

152 2201 338 2304 Ταρτάρῳ
352 2205 410 2302 [¹¹¹]
452 2205 552 2289 ὅπως
593 2208 807 2305 φοβῶνται,
852 2224 973 2301 quam
994 2209 1218 2280 sententiam

146 2326 378 2422 Philoponus
413 2325 454 2396 in
486 2319 630 2409 Comm.
664 2324 713 2397 ad
737 2326 773 2398 h.
799 2324 823 2396 l.
848 2347 885 2421 p.
911 2323 973 2397 87.
999 2323 1219 2401 adnumerat

148 2454 234 2531 τοῖς.
248 2444 527 2547 Πυθαγορείοις
550 2443 703 2543 μύθοις,
728 2444 884 2518 Bantius
910 2457 1035 2518 autem
1060 2459 1137 2519 tam
1163 2451 1220 2523 in·
1322 2466 1327 2473 ‘

149 2579 276 2663 eptam
315 2575 422 2661 putat
462 2576 628 2660 tamque>
651 2564 895 2662 philosophis>
911 2563 1132 2658 indignam,
1153 2608 1158 2615 >
1177 2582 1220 2639 ut

151 2687 270 2763 verba
286 2685 350 2770 «ὥς
381 2687 418 2760 οἱ
451 2682 712 2788 Πυθαγόρειοι
737 2683 1017 2756 circumscribat.
1041 2697 1218 2781 tanquam

151 2807 365 2893 inventicia,
398 2826 473 2876 non
504 2802 736 2891 recordatus,
771 2805 922 2899 opinor,
954 2804 1093 2876 multos
1118 2802 1219 2877 hdud

84 2960 86 2963 ·
152 2926 228 3000 alia
258 2926 404 2996 ratione
435 2946 505 3024 pro
532 2921 777 3021 ,philosophis
812 2910 970 2996 habitos?
992 2943 1074 2995 esse
1098 2945 1219 3018 quam

226 3180 278 3249 [¹¹¹]
303 3179 443 3249 Significat
459 3178 563 3230 Sitones
580 3170 744 3245 ceteramque
761 3183 930 3230 monstrorum
950 3179 1109 3232 infernorum
1127 3181 1219 3232 cohor*

154 3258 221 3314 tem,
248 3251 275 3301 in
293 3250 370 3314 deos,
393 3250 420 3300 ni
438 3257 600 3312 coerceatur,
625 3247 823 3314 rebellaturam,
845 3266 896 3299 non
916 3249 1046 3314 homines,
1068 3257 1098 3302 ut
1115 3250 1218 3303 Rittero

155 3321 238 3372 risum
269 3320 296 3372 in
329 3319 542 3372 Geschic'hte
574 3319 633 3370 der
663 3319 1219 3389 pythagorischen‘Philosophie

155 3409 182 3460 p.
199 3391 260 3442 218.
285 3391 330 3459 qui
347 3390 410 3459 quia
431 3390 496 3442 haec
520 3389 661 3441 animarum
685 3389 712 3440 in
737 3389 808 3441 Orco
832 3389 960 3443 habitatio
981 3406 1041 3453 ¹cum
1064 3397 1219 3459 metempsy-

157 3460 231 3512 chosi
254 3467 373 3512 constare
395 3466 521 3528 neqoeat,
551 3459 618 3511 hanc
641 3459 724 3526 ipsam
749 3458 886 3523 exotericis
910 3460 1059 3512 adnumerat
1082 3460 1218 3527 dogmatis.

156 3531 220 3584 Nou
242 3530 363 3598 diffiteor,
379 3531 442 3583 mihi
460 3537 491 3584 <et
514 3529 563 3581 hoc
584 3536 616 3582 et
637 3535 738 3593 cetero,
766 3546 833 3598 quae
855 3530 884 3583 in
910 3544 970 3583 earn
990 3547 1046 3583 rom
1077 3531 1156 3583 affert
1178 3530 1219 3581 vir

155 3600 330 3664 doctissimus,
354 3601 461 3670 perinde
478 3600 592 3663 incerta,
615 3605 748 3668 totumque
764 3600 828 3653 illud
851 3602 1033 3653 esotericorum
1058 3608 1085 3651 et
1107 3600 1218 3651 exoteri·
1314 3644 1319 3653 .

155 3684 245 3724 comm
262 3671 409 3738 dogmatum
426 3670 561 3723 discrimen
578 3670 778 3722 commenticium
797 3668 889 3722 rideri.
923 3668 977 3722 Sed
999 3676 1027 3722 et
1042 3668 1168 3722 rationem
1185 3670 1218 3722 il-

155 3743 208 3795 lam
226 3758 242 3792 a
259 3741 472 3809 metempsychosi
488 3740 591 3792 ductam
617 3739 720 3792 dubiam
742 3740 807 3792 iacit
829 3745 972 3795 anctorum
986 3738 1120 3793 dissensio.
1156 3740 1219 3793 Ser-

157 3812 216 3864 vius
242 3813 306 3862 hen.
328 3809 445 3862 ΙΙΙ.’68.
473 3809 576 3862 ,Plato
600 3812 803 3883 perpetuam
832 3810 918 3862 dicit
941 3811 1078 3862 animam
1104 3809 1144 3861 ad
1168 3811 1219 3864 di-

157 3898 259 3934 versa
277 3896 422 3950 corpora
439 3879 622 3931 transitum
639 3882 757 3933 facere
774 3880 890 3933 statim
907 3880 1114 3949 promeritis
1129 3882 1218 3950 prio-

157 3953 208 4010 ris
226 3951 327 4003 vitae.
362 3947 580 4019 Pythagoras
597 3966 676 4001 vero
694 3967 756 4002 non
772 3967 857 4022 μετε
891 3946 1054 4020 ψύχωσιν
1071 3950 1128 4003 sed
1148 3969 1219 4006 πα-

158 4025 392 4091 λιγγενεσίαν
414 4036 489 4073 esse
512 4019 616 4083 dicit,
640 4020 701 4072 hoc
723 4029 790 4085 est,
813 4037 850 4074 re
877 4021 929 4075 ire
952 4026 1029 4091 post
1045 4026 1184 4092 tempus.
