2975 4884
560 303 831 359 onrnlcn.
1130 290 1227 368 1041

164 462 201 524 et
225 452 328 548 prius
352 457 490 531 multoe
515 456 649 548 iuioee,
674 459 738 555 qui
762 480 831 555 per
855 460 1014 557 aliquem
1039 417 1232 558 relipionio‘
1357 541 1362 544 ,
1446 451 1449 458 ⁴

162 573 435 651 simulationem
461 581 636 653 elimenta
659 571 814 651 inertiae
839 593 1066 676 quaererent,
1093 581 1226 660 docent

160 686 274 765 Ennii
297 715 427 770 versus
452 695 673 773 nobilissimi
698 709 736 770 et
751 694 901 773 Catonis
927 687 1074 776 crebrae
1100 701 1227 778 admo·
1254 689 1261 698 ’

160 813 321 887 uitiones
347 813 394 887 de
418 815 460 888 R.
486 816 528 888 R.
555 842 583 891 c.
609 817 652 891 V.
682 817 740 891 13.

246 1294 886 1436 EPIMETRUM
955 1300 1183 1444 xm„

362 1499 409 1562 aa
439 1499 475 1565 r.
498 1497 544 1566 11.
575 1497 612 1576 c.
634 1468 743 1615 inl.
775 1507 804 1583 ς.
831 1504 861 1571 e.
892 1518 969 1586 not,
992 1527 1021 1572 ο.

563 1719 633 1776 Boioi
648 1725 752 1791 Σαβοῖ,
772 1717 953 1794 Ὕηςῧίπης,
971 1722 1152 1801 ἌττηςὛηςέ

259 1874 343 1951 Nou
368 1876 544 1953 invidebo
570 1876 767 1951 lectoribus
792 1880 929 1951 nostrie
956 1878 1111 1954 Siokleri
1136 1903 1223 1957 oon·

152 1993 356 2104 jectum,
380 2021 490 2095 quarn
523 1994 725 2071 Creuzerus
758 2000 799 2071 in
824 1995 950 2091 Symb.
977 1998 1019 2072 Τ.
1044 2000 1116 2082 ΠΙ.
1134 1999 1221 2074 362.
1308 2070 1311 2076 ,

159 2125 203 2186 ut
248 2119 393 2211 eognitu
440 2117 712 2212 dignissimam,
768 2117 882 2191 refert
920 2120 968 2190 in
1007 2129 1221 2193 extenso:
1375 2131 1379 2144 '

156 2233 226 2306 bae
263 2257 343 2308 eree
375 2237 595 2336 antiphonae
627 2239 836 2311 alternatim
863 2258 887 2310 a
914 2236 1025 2312 ebore
1051 2235 1220 2313 sacerdo·
1327 2295 1329 2300 ι

156 2364 238 2426 tum
290 2365 328 2427 et
374 2379 397 2429 a
436 2359 609 2431 concione
648 2357 858 2431 decantatas
897 2379 943 2430 ex
987 2355 1220 2456 Antiphone-

155 2475 213 2546 rio
246 2471 441 2551 Hebraico.
493 2478 629 2566 Docte,
655 2475 818 2575 Jupiter,
844 2488 881 2551 et
905 2478 1110 2572 ingeniose!
1145 2476 1221 2554 Sed

87 2662 93 2677 ,
157 2595 281 2667 nescio
313 2619 377 2669 eur
408 2598 531 2702 minuo
556 2597 674 2670 relatu
698 2596 809 2693 digna
833 2595 1004 2672 videatur
1028 2596 1219 2692 Anonymi

157 2713 267 2811 Angli
302 2717 447 2813 opinio,
482 2718 558 2815 qui.
576 2717 643 2792 bas
669 2716 817 2791 easdem
843 2719 963 2792 voees?
980 2714 1219 2796 Senseriticaa

158 2855 253 2907 esee»
277 2832 503 2911 demonstrat
543 2836 669 2911 Wait
707 2836 818 2911 Hail
857 2858 880 2908 o
914 2835 1043 2911 Siva!
1075 2834 1218 2927 Lord,
1264 2937 1270 2946 ’

157 2956 544 3052 supremeLord!
576 2959 616 3030 in
641 2958 747 3052 Diar.
772 2951 887 3028 Clare.
914 2954 955 3028 Τ.
981 2952 1216 3051 XXVssLp.

7 3073 8 3084 ’
155 3072 242 3146 292.
268 3071 436 3162 Quodn
459 3077 591 3151 merito
616 3075 793 3174 probatur
817 3085 860 3146 ut
885 3083 989 3146 acute
1012 3073 1218 3163 inventum,

155 3191 225 3265 hac
250 3193 360 3268 laude
384 3197 498 3270 nolim
524 3194 708 3270 Bodinurn
733 3191 956 3283 defraudari,
982 3194 1105 3291 quiin
1118 3194 1219 3268 Dae·
1353 3261 1358 3266 .
1422 3259 1428 3272 .

156 3313 293 3387 monol.
317 3315 360 3387 L.
382 3317 411 3390 1.
437 3315 525 3390 eV.
550 3316 662 3391 Ponit.
679 3317 740 3391 28.
764 3291 858 3388 illud
884 3312 1034 3389 Sabae
1058 3313 1218 3390 Evobo
1299 3329 1301 3334 ·

156 3432 250 3507 nihii
282 3434 384 3508 aliud
405 3457 497 3511 ‘esse
529 3435 636 3511 doeet
667 3439 776 3535 quarn
809 3411 1097 3525 Har'Sab'au
1133 3433 1217 3507 Sa·
1366 3539 1372 3544 ι

156 3551 255 3642 bat,
295 3554 427 3652 quibos
465 3556 618 3632 vocibus
657 3545 865 3631 etiamnunc
902 3557 1148 3628 incantatores
1180 3562 1218 3625 et

156 3694 265 3767 sagae
303 3677 343 3747 in
385 3675 556 3751 Sabbatio
595 3678 672 3751 suis
713 3673 1036 3776 (Heron-rabbat)
1068 3674 1124 3746 nti
1156 3693 1217 3746 ao·

97 3883 101 3890 x
156 3791 311 3894 leant[⁸]
344 3794 514 3894 idemque
546 3784 767 3897 tympanum
797 3794 909 3886 iilud,
941 3795 1043 3891 euJ'ue
1074 3793 1214 3867 mentio

229 4000 273 4069 [⁸]
300 4001 359 4055 Hbc
374 4002 557 4072 praetermittit
572 4002 694 4056 Horatius
716 4003 743 4055 in
766 4000 929 4055 Bibliotheca
952 3996 1059 4068 Magire
1083 3995 1216 4065 (Zouber-

158 4067 317 4138 bibliothek)
334 4073 369 4125 Τ.
386 4072 433 4125 ΙΠ.
451 4072 511 4127 871.
535 4073 581 4126 red
597 4073 689 4132 rimilia
706 4088 826 4144 sagarum
848 4070 1044 4144 epiphonemate
1067 4081 1216 4120 conmemo-

200 4160 238 4224 11·
964 4174 1014 4249 n
