2975 4884
255 252 331 326 876
577 261 720 316 nrssn
746 255 1005 312 sncuunus.
1095 314 1101 343 „

253 426 379 498 fuisse.
406 422 502 497 Nam
529 432 578 505 et,
591 417 836 489 Philostratus
853 413 894 484 V.
921 407 1145 508 Sephlm.
1159 403 1246 480 553.
1272 417 1327 478 et·

254 566 326 642 qne
342 543 485 616 Sextus
518 563 548 611 c.
575 539 739 611 Gnarum.
772 528 810 633 p.
835 533 922 608 264.
955 529 1138 605 affirmant
1169 529 1211 600 iu
1243 527 1328 623 ipse

256 666 383 737 Attica
403 685 480 736 nnn
505 681 634 732 ornnes
659 656 793 729 eudem
819 653 932 727 mudu
958 674 1027 725 nec
1050 650 1191 747 pariter
1203 646 1328 720 Attice

255 786 375 882 loqui,
411 783 636 876 minimeque
669 778 774 866 illus,
806 775 933 872 quiin
958 772 1050 845 urhe
1076 768 1265 856 habitent,
1291 779 1329 838 et

255 904 523 1002 imperativum
556 900 653 999 πρίω
678 894 975 970 Αολιοηιοοοίοαε
1001 889 1246 963 domesticum
1273 898 1327 959 et-

256 1047 327 1123 que
359 1021 597 1098 vernaculum
629 1019 747 1129 fuisse
778 1018 934 1112 legimus
951 1013 1017 1111 [1].Ι
1059 1007 1207 1084 Deinde
1232 1005 1327 1079 illud

255 1145 381 1242 ipsum
405 1162 474 1217 vas
499 1164 568 1240 pro
594 1162 684 1214 usus
708 1151 747 1212 et
771 1138 916 1212 formae
939 1138 1123 1212 varietate
1148 1128 1328 1228 pluribus,

256 1285 367 1363 quem
391 1264 512 1336 ullum
538 1260 652 1355 aliud,
677 1259 891 1335 numinibus
916 1258 1086 1352 gavisum
1111 1264 1178 1326 est
1205 1251 1327 1326 Schnl.

148 1395 151 1400 ’
256 1384 298 1458 Il.
332 1384 467 1458 XVIII.
500 1381 587 1456 410.
614 1379 781 1484 λάρνακα
813 1382 856 1457 τὸ
883 1376 1094 1476 ἔλληνικάν,
1119 1378 1162 1454 τὸ
1188 1376 1230 1454 δὲ
1257 1379 1327 1453 οἷν-

223 1566 225 1573 .
256 1504 365 1601 τίπηξ
389 1502 551 1605 ὃάριον,
577 1501 857 1607 γαζοφυλάκιον
866 1496 911 1599 [Ἴ
937 1501 1001 1578 καὶ
1026 1497 1174 1602 ἀρτάβη
1199 1508 1326 1600 περσι-

258 1625 336 1702 κόν.
390 1622 530 1698 cutam
567 1621 715 1722 Cyprii,
749 1636 791 1696 ut
823 1622 1032 1719 Hesychius
1066 1618 1180 1694 tradit
1205 1643 1234 1692 s.
1259 1618 1327 1695 rd-

257 1751 392 1846 βάτος,
419 1744 546 1818 dixere
570 1745 739 1843 θίβωνα,
766 1744 832 1817 alii
856 1743 978 1844 θίβην
1003 1765 1068 1815 seu
1081 1739 1223 1841 θήβην,
1249 1738 1327 1831 Ly-

258 1867 306 1938 eii
331 1877 455 1940 autem
481 1862 676 1966 κατάραν,
712 1863 812 1938 unde
836 1865 920 1939 urbi
945 1863 1087 1937 Pataris
1111 1884 1247 1935 numen
1271 1862 1327 1931 in·

257 1985 376 2060 ditum
395 1986 512 2060 fertur
521 1982 574 2085 [¹],
599 1997 744 2062 veturus
762 1984 945 2061 corinthii
971 1986 1135 2087 κυψέλην
1159 1981 1264 2055 Paus.
1282 1979 1325 2051 V.

261 2107 319 2180 17.
345 2104 406 2180 75.
443 2106 604 2202 Phryges
635 2109 805 2182 risuum
837 2111 975 2182 Donet.
1009 2105 1058 2180 nd
1082 2106 1177 2179 Eun.
1202 2101 1264 2174 IV.
1290 2100 1326 2173 u.

261 2224 318 2300 15.
351 2225 450 2324 quud
483 2251 505 2299 e
536 2250 665 2324 graecu
697 2230 852 2328 βρίοχος
883 2247 1121 2333 eonversurn3
1153 2225 1236 2315 alii,
1263 2226 1326 2321 qui
1382 2227 1384 2236 '

256 2369 333 2420 uun
357 2350 615 2437 nominantur,
640 2347 758 2453 γαάή,
783 2351 963 2454 γανδίον,
988 2353 1111 2449 (iuver
1128 2347 1231 2445 apud
1250 2345 1328 2420 He·

259 2467 451 2560 sychium3
477 2472 577 2566 ἑλένη
604 2469 739 2542 Pollux
764 2471 895 2542 liscum
920 2471 1204 2569 interpretatur,
1231 2473 1270 2547 ἐν
1297 2463 1328 2568 ᾧ

261 2589 441 2689 φέρουσιν
474 2588 554 2690 ἱερά
588 2592 728 2688 άρῥητα
763 2598 841 2675 τοῖς
861 2591 1140 2692 Ἑλενηφορίοις.
1167 2588 1217 2664 ud
1241 2590 1328 2663 ulti-

259 2730 362 2783 mum
390 2707 510 2808 ἅχάνη
535 2712 728 2785 nominata
753 2723 811 2785 est
834 2713 858 2808 ἡ
884 2712 1048 2814 θεωρικὴ
1068 2711 1173 2809 κίστη
1182 2707 1242 2809 [¹¹],
1269 2716 1328 2787 eui

260 2910 341 2968 ιάδαι
358 2917 404 2969 κοιλ
421 2910 604 2987 Προςιιάλτιοι
620 2914 657 2978 ὥς
673 2916 827 2972 δικαστικοί
842 2925 891 2971 ele.
909 2917 984 2970 Suid.
1002 2935 1023 2968 s.
1035 2920 1193 2990 Δρυαχαρν.
1228 2918 1270 2970 De
1287 2919 1328 2971 his

259 2984 558 3126 ξριιοίοιροοδιιὸὲαᾶίλήίο
575 2988 609 3040 ed
626 2986 746 3043 veritatis
763 2988 954 3042 similitudinem
977 2986 1047 3042 fietis
1070 3007 1095 3041 v.
1114 2987 1223 3056 Tsylor.
1241 2987 1327 3041 Leett.

316 3142 380 3228 Is]
393 3145 440 3227 .V·
458 3146 492 3199 sd
510 3148 605 3217 Phryn.
624 3167 650 3218 p.
668 3118 728 3204 Ι860.
764 3148 804 3201 De
821 3148 902 3200 verbo
919 3146 979 3216 ipso
997 3162 1064 3218 quse
1081 3145 1204 3198 adnotavi
1221 3162 1248 3212 p.
1268 3144 1326 3198 133.

263 3210 349 3283 peullu
366 3216 478 3298 rnrpnius
495 3218 680 3287 inlerpretetur
695 3218 868 3271 Buttmannus
883 3219 913 3270 in
931 3218 1045 3270 Gramen.
1063 3217 1111 3267 Gr.
1126 3215 1160 3267 Τ.
1174 3214 1209 3265 11.
1226 3232 1252 3283 p.
1265 3215 1326 3269 223.

262 3300 294 3336 es
312 3300 328 3336 s
345 3299 386 3335 me
401 3287 534 3342 rutelleets
552 3306 609 3341 esse
626 3305 739 3358 negans,
765 3305 833 3358 qnae
850 3289 895 3357 qui
919 3305 970 3342 non
993 3287 1138 3354 intelliget,
1162 3283 1226 3336 nihil
1249 3286 1327 3339 iutel-

262 3355 375 3406 leeturus
392 3356 519 3410 videatur.
554 3358 683 3426 Equidem
705 3356 761 3410 dixi
774 3376 832 3428 «pro
855 3361 971 3429 perfecie
995 3357 1115 3426 ἐώνημαι
1138 3355 1261 3409 &offiium
1285 3359 1328 3411 vel
1434 3404 1448 3426 .

262 3424 372 3511 ebsoleli
395 3429 538 3496 praesentis
560 3429 738 3498 imperfectum
761 3426 899 3500 ἐπριάμην
923 3430 1047 3484 substitui
1070 3442 1121 3477 uon
1144 3442 1220 3494 pesse
1243 3444 1328 3497 neque

189 3555 192 3561 ,
263 3496 437 3580 Phrynichum
455 3499 619 3569 participium
637 3501 789 3571 ἐωνημένος
806 3501 852 3553 sed
868 3502 971 3554 modurn
988 3506 1086 3552 rectum
1104 3491 1224 3568 ἐώνημαι
1241 3516 1328 3555 exem·

265 3565 303 3636 ph
324 3565 394 3653 .¹⁰.⁰‘!.
408 3585 553 3654 propopere
576 3570 710 3633 debuisse3
740 3576 870 3638 postremo
895 3590 942 3625 cur
966 3568 1146 3639 Aristophanis
1169 3570 1330 3625 scholiastes

264 3643 396 3708 partlcrpu
413 3640 587 3725 ὠνηααμενος
602 3657 733 3693 numerum
751 3642 875 3711 pluralem
899 3644 1015 3713 rejiciat,
1040 3639 1141 3692 nescire
1164 3658 1204 3694 me
1227 3647 1328 3713 proles-

264 3720 387 3762 sussum.
423 3711 463 3763 De
480 3728 538 3781 rpsu
554 3710 696 3779 Phryniehi
712 3713 819 3780 regula,
847 3731 924 3783 quarn
939 3714 984 3766 ille
1002 3729 1018 3764 u
1036 3728 1076 3763 rue
1093 3719 1254 3784 perspectam
1272 3729 1329 3764 esse

264 3785 359 3843 negat,
383 3781 478 3835 nullum
495 3784 602 3835 verbum
620 3781 688 3846 dixi,
714 3783 777 3852 quis
793 3783 836 3837 uel
854 3785 989 3855 dupondiis
1006 3782 1144 3836 meffifestu
1160 3790 1207 3836 est.

264 3843 536 3976 sturI.h]reF13III.⁸⁵I1
539 3851 714 3976 azffhendgrp
737 3852 944 3937 γαζοφυλάκιον
967 3854 1150 3925 μακεδονικὸν
1174 3856 1220 3906 καλ
1244 3884 1278 3895 -
1303 3869 1328 3903 v.
1407 3847 1410 3869 ¹

335 3986 375 4059 [i]
402 4009 427 4042 v.
445 3991 566 4047 Ilustslh.
584 3993 642 4059 ad„
661 3992 712 4046 iou.
729 4011 755 4046 v.
776 3994 833 4050 129.
866 3986 867 3991 ¹

335 4056 379 4130 [I]
406 4080 430 4115 v.
448 4063 560 4118 siebrhs
577 4064 610 4117 ud
628 4064 753 4118 Phuund.'
767 4085 793 4137 p.
815 4064 855 4120 14.
