2975 4884
536 284 874 358 eruoruuscru.
911 242 914 247 ⁵
1027 298 1035 311 ’
1146 268 1260 354 1281'

158 439 403 537 ‚antiquitatis
425 439 635 529 ,meruerim
675 451 880 540 antequam·
905 441 1028 519 literis·
1047 447 1243 527 manime

165 571 249 649 tur‚-
262 582 331 657 per
355 559 466 636 lallos
490 561 744 660 nutricum[¹¹]
770 567 809 636 et
833 563 1068 662 vespertinos
1081 588 1240 646 ovorum

164 679 417 754 sermunculos
442 677 493 754 ad
506 682 774 779 posteritatem
800 693 1007 781 propagata
1032 695 1071 769 et
1095 686 1143 761 ab
1162 713 1241 764 om-

162 800 273 874 nibus
304 814 430 877 sancte
445 813 447 818 ·
463 802 692 900 integreque,
723 802 844 899 veluti
874 802 1238 902 fideicommissum,

163 933 383 1009 conservata
407 921 548 999 fuisset.
598 920 727 1019 Neque
752 922 875 998 solum
899 925 1095 1023 popularis
1116 928 1240 1005 famae

162 1042 408 1117 constantiam
423 1126 427 1137 ¹
441 1042 582 1116 nullam
617 1039 684 1114 sed
710 1043 829 1143 etiam*
849 1055 1047 1143 poctarum
1073 1060 1111 1121 ct
1135 1050 1238 1147 logo·
1356 1070 1360 1077 ·

161 1162 383 1262 graphorum
409 1162 597 1236 licentiam
624 1182 808 1236 summam
829 1156 946 1241 fuisse
957 1176 1141 1242 testantur
1154 1170 1237 1246 vul·

161 1286 262 1379 garis
292 1281 510 1383 proverbia:
555 1278 675 1371 Quid
709 1301 807 1357 cum
839 1283 945 1381 fide
974 1289 1159 1384 poetisi
1198 1300 1237 1364 et

162 1402 283 1494 Quid
323 1424 415 1475 uon
456 1401 655 1475 Graecia
694 1401 890 1479 mendax
921 1405 1063 1480 audet
1092 1408 1140 1481 in
1171 1409 1235 1482 hi·

103 1565 108 1569 ·
159 1525 328 1613 storiis
335 1510 353 1596 t'
376 1524 506 1621 Itaque
530 1524 647 1596 satius
673 1518 847 1599 duximus
871 1536 1042 1602 veterum
1068 1530 1236 1602 testimo-

159 1648 232 1720 niis
273 1656 312 1718 et
349 1645 382 1717 si
417 1640 507 1742 quid
540 1666 588 1715 ex
618 1642 676 1715 his
708 1647 915 1725 necessaria
947 1650 1235 1746 consequutione
1348 1630 1352 1649 ’

159 1750 331 1856 efficitur,
357 1765 588 1862 acquiescere
595 1785 605 1854 ;
632 1758 722 1859 quid
746 1763 850 1837 mille
875 1768 982 1840 annis
1008 1779 1094 1841 onte
1120 1769 1234 1842 credi·

158 1898 238 1961 turn
264 1887 314 1960 sit
351 1894 391 1955 et
415 1882 505 1982 quid
529 1885 571 1955 in
594 1883 727 1956 intimo
754 1886 986 1983 antiquitatis
1010 1909 1155 1962 recessu
1181 1889 1234 1963 la-

160 2018 256 2098 teat,
297 2007 391 2080 scire
430 2026 558 2078 eorum
600 2015 677 2094 est,
711 2003 776 2102 qui
812 2006 980 2079 omnium
1013 2008 1233 2104 opinionum

106 2146 108 2150 ·
157 2131 401 2203 humanarum
443 2122 629 2198 scatebras
662 2116 736 2196 'cibi
769 2145 880 2198 nosse
910 2124 1096 2200 videntur.
1154 2127 1232 2203 Nos

62 2268 67 2279 ’
158 2250 256 2322 enim
295 2265 387 2320 vero
424 2243 553 2318 adulto
581 2245 662 2340 jam
695 2244 799 2317 amni
831 2254 870 2317 et
900 2267 925 2318 a
956 2244 1122 2320 fontibus
1153 2251 1231 2323 suis

156 2371 265 2464 longe
290 2365 437 2466 dilapso
465 2365 706 2453 occurrimus,
738 2364 801 2461 qui
826 2373 1023 2462 poetarum
1049 2378 1088 2441 et
1107 2369 1237 2466 perie-¹
1318 2442 1324 2455 χ

157 2500 342 2586 getarum,
381 2487 641 2560 historicorum
674 2494 713 2557 et
742 2487 1064 2579 grammaticorum
1097 2488 1230 2564 rivulis

156 2610 339 2684 incitatus
360 2628 481 2706 pauca
514 2616 626 2703 atque
650 2602 851 2679 indiscreta
875 2611 1011 2683 veteris
1037 2610 1123 2686 aevi
1148 2626 1228 2683 mo-

156 2718 323 2805 nimenta
346 2727 520 2803 torreutis
544 2727 662 2801 instar
685 2725 888 2824 provolvit.

618 3036 652 3134 q.
706 2981 764 3111 rc.

168 3336 172 3345 ἢ
256 3244 447 3341 Expositis
481 3253 651 3318 veterum
686 3241 876 3313 sententiis
908 3238 1127 3345 redditaque
1158 3263 1224 3314 no·

157 3366 225 3439 stri
257 3364 402 3438 consilii
434 3364 578 3436 ratione
608 3385 688 3434 rem
719 3364 841 3459 ipsam
875 3360 1088 3435 adoriamur
1114 3360 1224 3435 etde

157 3486 419 3578 mysteriorum
437 3482 777 3557 Samothraciorum
802 3484 1027 3577 argumentis
1053 3479 1142 3581 quid
1163 3502 1224 3553 ex-

157 3601 397 3677 istimandum
423 3604 491 3692 sit,
523 3604 726 3677 accuratius
752 3601 1035 3692 consideremus.
1085 3599 1224 3675 Notum

157 3733 215 3798 est
255 3733 380 3797 autem
422 3722 614 3814 omnibus,
644 3724 716 3797 hoc
737 3745 880 3797 saxum
909 3725 989 3819 jam
1021 3720 1087 3795 diu
1111 3717 1248 3798 volvi*

229 3928 284 3999 [ΙΙ]
316 3929 374 3985 Har
400 3928 456 3997 iarn
484 3926 544 3981 olim
569 3926 755 3997 mythologieru
779 3932 907 3982 undasse
931 3932 1041 3998 apparet
1064 3944 1080 3978 e
1103 3924 1221 3978 Platonis

159 3998 226 4069 Rep.
244 4000 266 4052 1.
283 3996 344 4052 850.
361 3998 394 4052 D.
412 3994 501 4070 ὥςπερ
517 4002 575 4060 ταῖς
592 4000 692 4069 γραυσὶ
709 4003 767 4059 ταῖς
783 3995 845 4060 τοὺς
860 3995 967 4065 piccus
983 3992 1139 4069 λεγούσαις,
1156 3988 1219 4060 εἶεν,

159 4069 213 4142 ipsi
230 4070 278 4124 sci
293 4064 493 4141 κατανεύσομαι
510 4071 557 4125 καὶ
573 4064 766 4140 &musiacum
