2975 4884
564 283 851 339 onrurcr.
1033 235 1035 240 ,
1138 269 1239 346 1683

162 440 267 513 nulla
298 438 463 513 liborum
494 441 655 529 mentio,
695 455 819 538 neque
855 441 908 513 in*
929 442 1051 539 epulis
1084 441 1240 520 (leonum
1275 428 1278 436 ¹
1377 491 1379 514 .

162 583 284 660 neque
315 563 357 634 iu
387 563 511 635 toanis
545 558 758 635 domesticis
793 571 832 633 et
865 557 1114 659 quotidianis,
1139 566 1240 663 ipsa.

163 704 241 779 que·
267 683 422 757 nomina
451 681 597 784 ψαιστά
630 693 668 755 et
692 681 844 759 πόπανα
870 694 1017 756 veteres
1043 683 1242 759 Gramma·

163 803 228 875 tici
252 805 460 900 nonprius
485 821 595 900 quam
620 804 660 875 in
686 803 790 895 Ibyci
816 811 855 876 et
881 801 1083 876 Stesichori
1109 808 1242 879 earmi-

5 1001 6 1012 ,
39 971 42 976 -
162 922 273 996 nibus
297 924 460 998 inveniri
485 933 668 996 testantur
693 921 827 995 Athen.
852 919 918 995 ΙΙΙ.
947 921 1031 997 169.
1064 923 1127 998 IV.
1157 926 1241 1001 172.

163 1039 213 1115 D.
238 1042 338 1116 unde
372 1056 495 1141 patet,
541 1045 627 1117 illos
661 1043 802 1145 ἁγνοὺς
833 1040 1009 1157 βωμούς,
1043 1047 1107 1143 qui
1139 1046 1242 1145 apud

163 1163 428 1254 Athenienses,
460 1165 612 1255 Delios,
648 1159 903 1259 Phigolanses,
937 1159 1051 1239 Eleos
1085 1166 1244 1263 aliisque

165 1297 419 1360 memorantur
444 1285 534 1359 loeis
547 1284 614 1385 [¹¹]‚
651 1295 780 1358 tautae
804 1287 1035 1384 antiquitatis
1059 1308 1136 1359 non
1162 1297 1256 1361 ossa
1283 1354 1287 1360 .
1319 1385 1323 1390 v
1385 1359 1389 1366 ,

165 1418 324 1503 quantae
359 1407 528 1504 plerique
566 1407 780 1480 existimant
798 1406 848 1506 [J.
912 1408 994 1480 Iuro
1030 1406 1242 1485 credibilius

165 1525 334 1616 videtur,
385 1528 484 1601 hune
520 1547 632 1604 rusum
672 1539 761 1601 tuno
794 1519 947 1601 danum
978 1529 1243 1627 pererebuisse,

166 1667 282 1745 quum
307 1649 571 1722 sacrificiorum
596 1669 692 1747 quae
716 1649 876 1722 heroicis
901 1649 1133 1747 temporibus
1158 1673 1244 1726 rara

165 1789 285 1867 neque
311 1789 335 1842 a
350 1770 534 1844 conviviis
550 1769 717 1863 seJ'uneta
732 1781 851 1858 erant,
876 1770 1079 1843 multitudo
1095 1772 1244 1869 publiea

166 1899 206 1961 et
238 1891 416 1989 privatim
449 1891 674 1964 immensum
708 1898 807 1961 esset
833 1899 961 1996 auom,
994 1892 1060 1964 vix
1086 1903 1128 1962 ut
1153 1893 1244 1968 eivi-

165 2022 262 2084 tates
297 2032 426 2084 eorum
459 2021 604 2083 sumtus
637 2009 797 2081 tolerare
822 2019 994 2105 possent,
1028 2031 1105 2081 non
1129 2010 1243 2083 modo

165 2132 355 2204 tenuiores
381 2132 530 2204 civium.
570 2130 766 2203 Praeterea
791 2127 1163 2204 animadvertendum
1189 2142 1246 2204 est
1339 2171 1342 2175 ·

164 2248 328 2322 liborum
368 2272 439 2324 usu
470 2251 708 2324 victimarum
740 2250 1038 2351 immolationem
1071 2273 1148 2324 non
1184 2276 1246 2326 ex-

167 2370 308 2444 clusam
333 2368 400 2444 sed
424 2370 492 2445 illa
515 2389 695 2469 persaepe
720 2363 953 2473 νιαοθύματα
978 2372 1095 2446 fuisse
1120 2384 1164 2446 ut
1177 2394 1246 2449 vo·

168 2501 300 2608 cantur
324 2492 377 2570 τὰ
398 2493 471 2593 πρὸ
497 2502 563 2589 τῆς
587 2492 730 2578 θυσίας
755 2490 940 2599 γινόμενα
963 2490 1195 2594 θυμιάματα
1220 2493 1246 2593 ἢ

167 2609 396 2691 πλακούντια
429 2636 466 2687 v.
498 2614 655 2712 Interpr.
690 2613 739 2687 ad
764 2612 879 2687 Arist.
905 2613 1002 2687 Plut.
1029 2614 1117 2688 661.
1150 2616 1246 2688 Ραιιἡ

168 2736 292 2808 sanias
324 2731 390 2807 IX.
423 2733 485 2808 40.
518 2733 566 2807 de
599 2732 917 2810 Chaeronensium
950 2732 1117 2833 quodam
1141 2733 1280 2809 sacro*

169 2866 297 2929 narrat
329 2858 368 2932 αἱ
399 2854 537 2933 θυσίαι
569 2856 643 2933 ova
670 2867 799 2934 πᾶσαν
823 2857 968 2957 ἡμέραν
994 2853 1158 2935 θύονται
1183 2858 1248 2949 καὶ
1282 2877 1285 2890 ’

117 3001 119 3006 ·
167 2976 333 3076 τράπεζα
367 2973 588 3078 παράκειται
623 2986 744 3075 κρεῶν
777 2977 841 3053 καὶ
866 2968 1073 3077 πεμμάτων
1097 2974 1245 3079 πλήρης.

169 3095 383 3170 Athenaeus
416 3094 478 3169 IV.
514 3095 598 3167 172.
634 3092 673 3167 C.
726 3094 928 3182 Πανύασις
959 3097 1133 3197 περὶτῆς
1157 3101 1244 3198 παρ’

170 3207 390 3322 Azyvmto'a
423 3215 751 3317 ἀνθρωποθνισίας
775 3216 958 3322 διηγεῖται
984 3219 1102 3323 λέγων
1127 3220 1244 3297 πολλὰ

169 3336 241 3436 μὲν
266 3340 452 3415 ἐπιθεῖναι
475 3337 672 3436 πεμματα,
698 3338 863 3413 victimis
887 3337 1075 3429 videlieet,
1099 3338 1150 3414 de
1174 3363 1246 3438 quo
1305 3351 1310 3360 '
1369 3367 1373 3372 ·

242 3575 289 3647 [k]
316 3595 342 3630 v.
367 3577 506 3647 Spanlrem.
532 3576 566 3629 ad
594 3577 662 3630 Call.
690 3578 728 3630 H.
752 3579 781 3631 ia
803 3579 863 3633 Del.
887 3577 949 3633 283.
973 3586 1002 3633 et
1028 3578 1063 3633 ad
1088 3579 1159 3632 Plut.
1184 3576 1245 3633 659.

172 3646 283 3699 Varro
313 3648 426 3701 tradit
454 3665 524 3701 ease
552 3654 617 3701 tam
645 3648 820 3719 Apollinis
847 3666 944 3734 quara
967 3650 1042 3704 lilii
1065 3650 1142 3718 ejus
1166 3665 1247 3701 aras

172 3733 235 3770 non
259 3718 339 3771 Deli
363 3725 494 3772 tantum
523 3718 582 3771 sad
605 3725 641 3771 et
665 3719 699 3772 in
725 3720 886 3789 plurimrs
912 3720 1016 3784 loeis,
1044 3719 1130 3790 apud
1159 3735 1246 3789 quos

172 3788 314 3842 hostiae
344 3805 408 3842 non
440 3789 633 3842 caedantur
670 3790 968 3845 aedoonauatudu
997 3791 1045 3843 sit
1072 3789 1167 3844 doum
1193 3805 1247 3844 to·

151 3858 352 3913 'lemnitata
377 3877 512 3931 precum
536 3861 711 3915 venerari.

244 3943 291 4020 [¹]
321 3946 457 4007 Dmaonia
474 3948 587 4002 edietum
619 3948 653 4001 de
683 3947 820 4002 sacrifieiis
844 3948 986 4002 incruentis
1010 3966 1059 4019 pro
1083 3949 1146 4002 ficto
1175 3949 1248 4001 duait

174 4016 331 4070 Mainamiua
353 4019 380 4072 iu
400 4019 469 4071 nist
492 4018 576 4074 Liter.
602 4019 637 4072 Τ.
661 4019 697 4073 Π.
737 4020 806 4073 .19.
830 4036 882 4072 uno
905 4020 951 4073 aad
974 4020 1062 4073 valido
1082 4025 1248 4090 argumento,

142 4099 145 4106 ’
174 4088 244 4155 quod
260 4088 306 4141 ille
322 4090 351 4142 in
366 4090 445 4144 rebus
462 4091 545 4143 meris
560 4090 663 4145 omnino
681 4038 778 4146 ruham
794 4091 879 4160 legam
896 4091 1020 4146 sanxerit.
1041 4162 1047 4173 ι
