2975 4884
430 348 434 357 ,
533 268 803 323 ouuurcu.
1125 254 1199 365 all

140 445 274 521 magua
298 424 478 501 industria
504 434 696 499 hastatum
716 445 808 515 esse,
835 436 914 499 tum
934 441 1087 529 propter
1101 398 1203 505 sum·

140 568 241 622 mam
274 547 352 642 ejus
384 547 600 641 gravitatem
633 543 780 618 medere
804 545 989 644 proclive,
1013 561 1092 624 tum
1117 555 1204 651 quia

20 720 21 723 ,
140 665 244 738 nulla
266 668 306 739 iu
329 690 371 739 re
396 667 543 766 saepius
569 664 707 764 Orphei
730 687 866 743 nomeu
891 681 1100 766 usurpatur.
1139 671 1204 746 Ju-

139 772 261 874 lianus
286 784 349 860 Or.
375 785 454 858 vll.
480 785 565 858 216.
596 787 660 862 καὶ
685 784 865 864 Πλάτωνι
889 789 1006 866 πολλὰ
1030 798 1204 893 μεμυθο-

140 906 293 1013 λόγηται
317 907 401 1009 περὶ
424 915 503 984 τῶν
527 910 569 983 ἓν
588 907 684 1007 ᾅδου
704 905 1204 1015 πραγμάτωνθεολομοῦντι

139 1030 204 1105 καὶ
236 1025 310 1128 πρό
334 1059 377 1131 με
402 1023 537 1107 τούτου
562 1035 617 1127 τῷ
640 1036 705 1123 τῆς
730 1024 948 1125 Καλλιόπης.
1001 1027 1098 1118 Quin
1124 1044 1204 1107 tota

140 1148 227 1223 Orei
251 1158 290 1221 et
312 1147 476 1221 locurum
501 1146 703 1220 inferorum
730 1145 926 1244 descriptio
952 1148 1001 1221 ad
1015 1149 1204 1249 Orpheum

140 1269 299 1352 refertru
331 1278 518 1340 auctorem
552 1265 600 1343 ah
625 1263 822 1365 Aegyptiis
847 1268 940 1363 illis,
967 1260 1030 1367 qui
1054 1285 1203 1369 praeter

90 1426 97 1443 ·
138 1391 281 1486 reliqua
308 1397 525 1485 portentosa
555 1384 764 1461 mendacia
778 1409 802 1460 a
833 1388 1004 1463 Diodoro
1035 1393 1205 1468 relatal.

139 1511 203 1585 96.
207 1508 418 1607 Orpheum
444 1519 593 1580 narrant
617 1509 685 1596 τὰς
708 1510 874 1588 καὶτῶν
889 1512 1073 1612 αοεβιόν
1055 1541 1097 1590 εν
1101 1514 1204 1661 ᾅδου
1272 1556 1276 1563 ·

143 1612 322 1735 τιμιορίας
346 1627 409 1706 καὶ
432 1659 519 1715 τους
543 1637 622 1707 τῶν
646 1631 812 1732 εὐσεβῶν
838 1640 1021 1731 λειμῶνας
1050 1631 1114 1709 καὶ
1138 1634 1205 1720 τὰς

139 1751 243 1853 παρὰ
281 1756 427 1835 τοῖςπ
399 1755 544 1834 πολλοῖς
583 1748 833 1836 εἰδωλοποιίας
875 1751 1205 1853 ἀναπεπλασμένας

20 1868 21 1903 ι
141 1875 443 1975 παρειςαγαγεῖγ,
484 1866 744 1968 μιμησάμενον
773 1870 830 1947 ’τὰ
868 1870 953 1971 περὶ
984 1873 1052 1957 τὰς
1082 1875 1206 1975 ταφὰς

142 1994 211 2079 τὰς
235 1993 313 2070 κατ’
340 1993 544 2094 Αἴγυπτον.
575 1987 650 2066 Τὸν
673 1988 743 2088 μὲν
768 1989 842 2092 γὰρ
859 1991 1110 2090 ψυχοπομπὸν
1125 1993 1207 2094 Ἐρ-

142 2122 220 2213 μῆν
260 2109 353 2188 κατὰ
393 2108 436 2186 τὸ
468 2107 628 2187 παλαιὸν
666 2106 829 2209 νόμιμον
861 2112 947 2211 παρ’
974 2108 1206 2216 Absentiam,
1300 2209 1302 2215 ι

150 2228 390 2338 ἀναγαγόντα
413 2237 483 2307 τοῦ
499 2227 649 2315 ’Ἀππίας
673 2228 717 2306 τὸ
744 2238 854 2329 σῶμα
877 2233 985 2331 μέχρι
1008 2232 1111 2319 τινὸς
1134 2262 1207 2311 πα-

143 2352 343 2455 ραδιδόναι
373 2359 428 2453 τῷ
452 2350 687 2451 περικειμένῳ
712 2350 781 2447 τὴν
805 2359 874 2428 τοῦ
898 2353 1087 2454 Κερβέρου
1113 2383 1206 2457 προ-

20 2506 21 2511 .
144 2471 280 2574 τομήν·
308 2484 363 2561 et,
388 2481 431 2544 ut
454 2492 564 2570 parce
587 2471 754 2561 mentiti,
779 2469 939 2547 addunt:
963 2482 1032 2551 τοῦ
1058 2474 1100 2552 δὲ
1120 2476 1208 2577 ’Op

147 2596 243 2697 φίας
267 2588 549 2676 καταδείξαντος
573 2590 675 2692 παρὰ
693 2598 772 2678 τοῖς
784 2592 932 2689 Ἕλλησι
955 2594 1024 2672 τὸν
1038 2594 1207 2697 Ὅμηρον

147 2707 366 2796 ἀκολούθως
396 2714 522 2789 θεῖναι
561 2710 658 2787 κατὰ
689 2711 759 2809 τὴν
791 2711 939 2810 ποίησιν
966 2714 1126 2816 Ἑρμῆς
1157 2713 1207 2792 δι’

147 2830 303 2931 ψυχὰς
325 2826 581 2929 Κυλλήνιος
606 2834 869 2917 ἐξεκαλεῖτο
902 2862 935 2910 κ.
960 2866 994 2910 π.
1021 2844 1052 2909 λ.
1103 2830 1208 2907 Haec

147 2951 259 3045 igitur
296 2962 333 3023 et
372 2972 465 3049 quae
505 2960 706 3048 sequuntur
745 2950 794 3024 de
834 2951 973 3028 Oceani
1003 2952 1129 3045 litore,
1160 2953 1208 3026 de

147 3068 317 3144 Leucade
339 3094 443 3170 rupe,
470 3069 516 3143 de
540 3072 658 3171 pertis
684 3070 782 3144 Sulis
808 3081 847 3144 et
861 3084 970 3169 pratu
991 3074 1207 3163 animarum,

149 3189 337 3287 Orpheum
370 3214 416 3264 ex
440 3190 600 3289 Aegypti
623 3191 713 3264 lucis
740 3189 789 3263 ad
813 3192 953 3267 inferes
978 3194 1209 3268 transtulisse

150 3308 296 3400 veluut3
328 3299 415 3383 nam
439 3311 516 3384 illie
539 3309 777 3385 Acherusiam
802 3334 883 3386 esse
907 3310 1080 3410 paludem
1107 3324 1144 3387 et
1168 3314 1208 3386 in

153 3422 314 3501 Hecatae
351 3428 489 3527 templu
529 3442 655 3527 portas
690 3431 818 3506 ferreis
857 3432 1024 3507 vectibus
1056 3432 1209 3521 clausas,

153 3566 303 3642 quamm
336 3570 410 3622 uua
441 3544 569 3642 Cocyti
601 3549 760 3643 dicatum,
795 3549 913 3625 altera
941 3550 1077 3626 Lethes
1109 3550 1154 3623 of.
1179 3574 1207 3624 α.

151 3664 213 3738 92
261 3665 365 3741 Haec
402 3670 537 3743 misera
575 3669 700 3744 fabula
737 3694 760 3745 a
799 3670 937 3744 'l'zetze
975 3670 1132 3769 repetita
1140 3672 1208 3754 din

106 3826 113 3835 ι
150 3784 263 3881 Exeg.
287 3809 325 3885 p.
354 3785 436 3863 152.
470 3799 567 3863 eerte
596 3790 691 3865 hanc
715 3790 913 3875 utilitatem
938 3788 1062 3881 affert,
1086 3802 1129 3865 ut
1153 3815 1209 3864 ee·

151 3903 348 3980 laberrima
378 3930 540 4008 quaeque
566 3907 653 3982 Orei-
675 3911 757 3983 loea
782 3912 821 3983 in
848 3907 1016 4006 Orphieis
1041 3911 1208 3984 carmini·

151 4026 220 4099 bus
244 4029 433 4101 nominata
457 4052 536 4104 esse
561 4030 826 4125 intelligamus,
858 4042 1022 4104 assumto
1046 4052 1208 4128 praeser-
1274 4014 1281 4021 ’
